2379 3188
1676 280 1761 322 107

190 402 359 439 perversa
395 400 546 424 necesse
582 390 637 422 est
661 390 769 434 atque
795 396 952 420 erronea
979 383 1026 419 de
1046 385 1142 430 justa
1168 383 1374 431 specierum
1402 383 1620 425 limitatione,
1652 385 1698 419 ‹le
1726 398 1814 434 geo·

189 447 356 496 graphica
393 459 516 482 earum
560 444 811 481 distributione
852 447 918 478 cet.
949 441 1085 489 judicia
1115 446 1150 477 et
1175 440 1368 489 opiniones
1396 441 1544 477 adferat.
1599 443 1722 490 ltaque
1750 443 1815 479 abs

188 496 228 543 re
256 518 335 542 esse
363 517 434 540 non
463 509 558 552 pute,
587 515 717 552 rogare
746 501 817 537 hoc
846 500 958 536 modo
987 504 1022 535 ct
1038 499 1172 536 hortari
1195 499 1448 549 liclienologos
1473 500 1580 546 hujus
1607 501 1702 542 aevi,
1729 513 1814 536 suo-

187 577 264 601 rum
291 563 442 612 quisque
478 562 663 611 gentilium
689 573 801 609 opera
826 559 1014 595 revolvant
1039 563 1147 608 atque
1176 563 1479 595 commemoratas
1506 559 1555 595 ibi
1585 559 1728 607 species
1755 572 1814 594 ac-

186 621 352 659 curatiori
397 620 589 667 subjiciant
627 625 663 656 et
700 619 831 660 altiori,
873 623 909 653 ut
944 619 1109 666 ingentes
1150 617 1351 653 hodiernae
1389 618 1562 654 scientiae
1596 630 1814 667 progressus

184 680 379 730 postulant,
420 679 578 715 examini
616 678 820 726 factamque
860 676 907 712 ita
941 676 1194 712 recensionem
1222 677 1257 712 in
1285 676 1446 712 medium
1475 676 1670 725 proferant.
1729 676 1814 712 Uni-

186 738 313 775 versali
345 738 410 773 hac
451 737 634 785 copiarum
669 736 745 772 sive
772 735 950 776 materiei,
979 735 1014 770 in
1043 735 1184 783 scriptis
1210 734 1484 784 lichenologicis
1504 735 1722 782 jamdudum
1750 735 1814 770 de·

184 799 321 847 positae
350 802 384 832 et
410 800 629 837 asservatae,
658 794 934 844 investigatione
957 799 993 829 et
1021 794 1275 843 exploratione
1303 795 1526 843 synonymia
1547 793 1743 835 lichenum,
1768 794 1812 829 ad

184 856 254 892 hoc
294 868 407 904 usque
447 861 588 903 tempus
625 853 755 889 inutilis
795 866 907 901 saepe
940 853 997 888 vel
1031 853 1218 889 erroribus
1245 853 1350 888 etiam
1379 857 1413 888 ct
1439 853 1531 889 vitiis
1561 865 1685 888 ansam
1719 852 1814 888 haud

182 927 265 950 raro
303 913 497 962 praebens,
541 913 586 948 ad
621 912 865 948 illustrandam
903 911 1088 947 scientiam
1135 919 1170 947 et
1203 911 1400 960 aperienda
1428 912 1676 961 tollendaque,
1703 924 1813 961 quac-

183 985 327 1021 cunque
352 976 500 1013 restent,
536 971 645 1007 dubia
681 971 810 1007 mirum
842 975 1014 1020 quantum
1043 970 1221 1012 conferet3
1250 971 1494 1021 restinguetur
1521 971 1565 1006 ita
1591 971 1647 1006 vel
1669 971 1814 1006 restrin-

182 1037 287 1081 getur
319 1030 442 1066 saltem
480 1042 551 1066 una
587 1042 635 1065 ex
670 1030 822 1072 caussis,
851 1030 947 1066 unde
979 1029 1240 1080 »lichenologia
1264 1036 1318 1066 est
1345 1030 1447 1079 quasi
1476 1029 1599 1065 civitas
1625 1029 1813 1065 institutio-

182 1089 287 1125 nibus
317 1089 460 1129 obruta,
490 1090 595 1136 cnjus
626 1088 836 1124 reformatio
864 1088 1055 1129 difficilior,
1087 1101 1193 1137 quam
1223 1102 1340 1125 novae
1372 1089 1630 1125 constructio.»
1688 1090 1726 1124 In
1753 1101 1812 1124 me

181 1149 261 1197 ipso
289 1153 458 1196 quantum
489 1148 570 1189 erit,
600 1148 645 1183 ab
675 1148 936 1183 Scandinaviae
964 1146 1203 1197 lichenologis
1229 1148 1428 1197 descriptas
1455 1148 1597 1197 species
1620 1160 1812 1196 exponere

181 1212 216 1243 et
242 1207 416 1243 illustrare
448 1206 630 1243 conabor:
665 1207 841 1255 primitiae
876 1216 959 1242 sunt
991 1205 1107 1242 hocce
1143 1207 1376 1255 opusculum,
1405 1207 1441 1243 in
1469 1221 1542 1256 quo
1572 1207 1810 1247 continentur,

182 1278 275 1315 quae
314 1267 562 1314 Sommelfeltii
597 1270 632 1302 et
672 1265 926 1312 Waleleozbergii
966 1264 1134 1301 herbaria
1168 1266 1390 1313 perlustrans
1420 1271 1455 1302 et
1486 1267 1698 1302 examinans
1732 1278 1810 1301 sum

181 1325 348 1366 edoctus,
389 1324 548 1361 lichenes
591 1325 803 1374 spectantia,
838 1324 872 1360 in
907 1324 1048 1372 scriptis
1080 1324 1259 1372 ipsorum,
1287 1337 1379 1374 quae
1405 1329 1487 1361 sunt
1513 1324 1560 1360 de
1587 1325 1696 1360 Flora
1719 1325 1812 1372 Lap-

180 1384 325 1433 ponica,
354 1383 487 1419 allatos.

328 1442 447 1478 Aliam
485 1442 635 1490 insuper
678 1441 760 1477 huic
790 1441 935 1477 conatui
971 1442 1078 1478 etiam
1112 1442 1290 1490 proposui
1319 1446 1461 1477 metam.
1517 1441 1730 1478 Novissimis
1758 1440 1811 1477 his

179 1501 417 1551 temporibus,
445 1506 481 1536 ut
504 1501 666 1550 perbene
695 1501 863 1537 omnibus
889 1501 1073 1551 cognitum
1099 1505 1169 1539 est,
1196 1500 1407 1537 informis
1423 1513 1613 1550 sperarum
1629 1500 1810 1537 lichenum

179 1560 412 1610 explorandis
453 1560 601 1596 multum
640 1561 845 1609 impensum
882 1566 937 1596 est
968 1573 1104 1609 operae
1130 1560 1319 1609 factaeque
1346 1560 1431 1596 inde
1455 1560 1712 1597 conclusiones
1737 1573 1810 1596 non

181 1619 477 1655 contemnendae.
508 1619 633 1667 Magn
645 1619 704 1654 itu
716 1619 861 1655 dinem
877 1633 965 1656 vero
983 1632 1106 1655 earum
1124 1618 1280 1668 exiguus
1295 1624 1429 1655 tantum
1447 1620 1664 1668 scriptorum
1684 1633 1810 1656 nume-

179 1691 240 1714 rus
268 1678 412 1714 definite
439 1678 622 1713 indicavit:
650 1684 732 1714 sunt
759 1679 968 1714 nominatim
1007 1680 1250 1725 Massalongo‚
1280 1680 1398 1728 Hepp,
1426 1680 1619 1727 Nylamler,
1649 1680 1709 1728 qui
1737 1693 1810 1716 ma-

179 1740 292 1785 jorem
335 1736 515 1784 ejusmodi
554 1736 850 1773 observationum
887 1751 1078 1774 numerum
1113 1737 1321 1774 obtulerunt
1358 1761 1402 1765 —
1432 1742 1466 1774 at
1493 1739 1747 1774 desiderantur
1775 1739 1810 1775 in

177 1796 218 1831 iis
245 1795 440 1831 admodum
469 1795 600 1831 multae
628 1797 771 1845 species
798 1797 962 1832 arcticae.
1017 1797 1062 1833 Et
1090 1797 1226 1832 collatis
1259 1796 1392 1832 deinde
1425 1798 1518 1834 inter
1544 1811 1584 1834 se
1613 1798 1810 1834 dimensio-

178 1854 298 1896 nibus,
328 1867 416 1904 quas
445 1855 504 1890 uni
532 1855 726 1904 eidemque
754 1856 891 1904 speciei
917 1869 1044 1891 eorum
1075 1856 1229 1905 quisque
1256 1856 1441 1898 adtribuit,
1463 1870 1629 1902 magnam
1646 1857 1810 1893 invenies

178 1926 246 1949 nec
280 1926 395 1949 raram
423 1913 709 1962 discrepantiam.
735 1918 764 1964 ¹)
819 1915 910 1950 Satis
941 1921 1044 1951 erant
1067 1914 1173 1957 haec,
1202 1928 1295 1964 quae
1328 1915 1372 1950 ad
1401 1915 1641 1952 dimetiendas
1668 1917 1809 1965 speeie-

178 1984 255 2007 rum
284 1972 443 2008 omnium
472 1972 527 2007 hic
555 1980 782 2022 receptarum
808 1986 936 2023 sporas
965 1986 1022 2009 me
1050 1974 1297 2023 incitarent,‘²)
1327 1975 1538 2022 praesertim
1574 1975 1673 2024 quod
1701 1974 1808 2024 pluri-

178 2029 246 2066 bus
271 2032 520 2067 tantummodo
549 2031 865 2068 observationibus
894 2033 1204 2069 consentientibus
1231 2033 1267 2069 in
1295 2046 1403 2069 unum
1432 2033 1562 2069 clarius
1595 2047 1807 2082 possumus,

180 2089 264 2137 quid
303 2095 438 2125 certum
479 2090 522 2126 sit
562 2103 686 2133 necne,
715 2091 852 2128 habere
879 2099 1126 2141 compertum;
1154 2092 1221 2127 sed
1248 2105 1333 2140 spes
1361 2092 1467 2128 etiam
1498 2093 1666 2134 accessit,
1696 2093 1809 2129 allatis

178 2159 365 2195 sporarum
392 2148 571 2185 lichenum
600 2150 817 2186 arcticorum
846 2151 1135 2187 dimensionibus
1162 2151 1241 2186 fore
1272 2156 1308 2186 ut
1332 2150 1377 2186 ad
1407 2151 1676 2187 dissolvendam
1697 2164 1810 2201 quae-

178 2206 329 2242 stionem
356 2207 466 2248 illam,
496 2221 589 2256 quae
618 2209 822 2246 etiamnunc
850 2210 885 2246 in
912 2222 1093 2258 suspenso
1118 2215 1297 2245 versatur:
1328 2222 1412 2245 num
1436 2210 1548 2258 possit
1565 2211 1707 2246 diversa
1722 2224 1807 2259 spo-

179 2276 297 2300 rarum
325 2267 532 2315 magnitudo
560 2267 606 2302 ad
630 2268 773 2316 species
800 2269 1068 2318 dignoscendas
1096 2268 1337 2304 sufficientem
1361 2269 1488 2305 sistere
1510 2274 1649 2311 notam,
1669 2270 1808 2318 paullu-

178 2322 251 2359 lum
281 2324 512 2361 contribuere
539 2338 697 2374 possem.
750 2327 892 2364 Etenim
923 2328 952 2364 si
980 2328 1070 2364 duas
1097 2328 1256 2364 licuisset
1280 2327 1513 2377 maximeque
1541 2329 1634 2365 inter
1660 2341 1700 2364 se
1727 2329 1809 2365 afti—

179 2393 242 2418 nes
282 2383 423 2431 species
463 2384 692 2432 conspicere,
733 2386 887 2422 eandem
920 2387 1173 2438 magnitudinis
1200 2399 1390 2435 sporarum
1420 2387 1744 2424 dissimilitudinem
1772 2388 1805 2423 in

303 2494 334 2529 1)
356 2496 412 2524 Cel.
446 2496 671 2534 Massalongo
690 2497 800 2535 saepius
822 2498 999 2527 latitudinem
1023 2498 1101 2536 justo
1125 2499 1258 2527 minorem
1282 2499 1378 2527 aflerre
1400 2499 1474 2527 visus
1503 2499 1571 2527 mihi
1598 2508 1659 2527 sum
1683 2500 1807 2527 animad-

180 2542 298 2570 vertisse.

300 2594 328 2625 2)
351 2592 481 2631 Exceptis
503 2597 594 2622 tamen
617 2595 760 2629 Οἱαιὶσηιῖε,
783 2605 899 2633 quarum
922 2598 1022 2635 exigua
1044 2600 1086 2626 est
1109 2597 1151 2625 vel
1173 2597 1288 2626 omnino
1311 2596 1388 2625 nulla
1409 2605 1552 2634 sporarum
1572 2595 1630 2624 sive
1641 2596 1746 2624 formae
1758 2606 1805 2624 seu

179 2639 377 2676 magnitudinis
398 2641 561 2671 differentia.
