2379 3188
638 311 720 351 128

580 416 671 452 sime
705 417 739 453 in
778 418 1025 455 Groenlandia
1063 419 1110 454 (in
1145 419 1252 456 ramis
1278 421 1405 456 Salia-is
1427 423 1576 468 glaucae
1601 421 1634 457 in
1663 422 1802 471 alpibus
1825 421 1925 458 infer.
1956 422 2198 458 Kuksiarsuk:

580 477 610 512 J.
639 475 791 524 Vahl.).
848 477 927 513 Hae
951 478 1094 514 ultimae
1122 491 1270 527 semper
1296 480 1436 516 steriles
1464 486 1545 516 sunt
1571 480 1692 516 lectae.

729 547 887 585 Perbene
914 551 1001 592 scio,
1029 551 1188 597 plurimos
1212 551 1394 587 hodiernos
1426 551 1678 601 Lichenologos
1706 555 1836 588 minime
1864 553 1956 593 milii,
1985 553 2106 588 formas
2122 553 2198 587 alla-

581 612 630 642 tas
665 609 896 656 conjungenti,
933 611 1097 650 assentiri,
1134 610 1194 645 sed
1232 625 1298 646 non
1334 612 1439 646 solum
1477 618 1623 646 veterum
1657 615 1856 660 scriptorum
1892 614 2101 652 auctoritate,
2138 611 2198 646 sed

581 668 725 702 etiamet
753 670 933 715 praecipue
957 670 1090 715 propria
1124 672 1342 717 experientia,
1370 670 1478 705 studio
1507 672 1536 705 in
1566 677 1676 705 natura
1707 673 1907 719 conquisita,
1938 673 2032 706 nitor.
2059 670 2197 705 Thallus

581 727 666 760 enim
695 728 829 761 omnino
858 727 978 761 eodem
1007 728 1108 761 niodo
1137 730 1238 762 variat
1265 742 1302 763 ac
1331 730 1464 777 Bryop.
1483 728 1602 776 jubam⁸
1628 731 1669 764 ab
1698 731 1851 765 omnibus
1877 732 1906 765 in
1938 745 2031 765 unam
2049 731 2197 778 speciem

581 787 778 832 conjunctae
805 786 945 827 formae,
973 793 1005 820 et
1032 800 1097 821 var.
1125 793 1153 831 β.
1184 787 1268 821 adeo
1297 788 1439 822 medium
1468 790 1551 823 inter
1577 806 1605 823 (ι.
1635 795 1667 823 et
1692 807 1716 832 γ.
1747 795 1837 824 tenet
1866 790 1990 831 locum,
2017 796 2066 831 ut,
2096 789 2199 823 sibae

581 845 817 892 disjungantur,
848 846 898 879 cui
929 844 1147 880 adscribenda
1178 847 1233 886 sit,
1261 847 1314 881 vix
1340 849 1448 895 possit
1472 847 1660 894 dijudicari,
1688 849 1868 895 praecipue
1885 849 2197 896 quum,rectissime

581 910 736 939 monente
772 903 931 944 Smrft.‚
967 905 1080 951 apices
1106 906 1178 950 eius
1204 905 1363 940 interdum
1386 907 1592 941 inveniantur
1620 908 1829 954 nigricantes.
1882 906 2063 941 Praeterea
2079 909 2108 941 in
2127 920 2198 941 om-

580 963 677 997 nibus
718 969 878 997 structura
921 965 1043 997 interna
1083 964 1333 1011 apotliecioruui
1371 967 1552 1010 (varietatis
1583 973 1612 1011 β.
1644 980 1662 1000 e
1691 965 1797 1000 Terra
1827 965 1928 1000 Nova
1956 966 2037 1011 vidi)
2067 967 2199 1000 omnino

581 1029 631 1057 est
666 1022 799 1057 eadem:
832 1024 899 1057 asci
933 1024 1137 1063 subsaccati,
1171 1024 1379 1073 parapliyses
1413 1025 1648 1065 cohaerentes,
1679 1026 1774 1072 apice
1807 1024 2199 1065 virescenti-t'nscidulae‚

583 1094 704 1128 sporae
733 1081 848 1115 3-4-
883 1095 957 1121 nae,
998 1082 1181 1129 simplices,
1217 1083 1432 1131 ellipsoideae
1464 1084 1481 1117 Ι.
1505 1084 1848 1131 ovoisleo-oblongae,
1870 1086 1976 1132 primo
1999 1084 2108 1122 dilute,
2124 1083 2198 1117 dein

579 1141 707 1174 intense
736 1141 904 1175 olivaceo-
933 1141 950 1174 Ι.
978 1142 1279 1183 brunneo-l'uscae,
1307 1144 1413 1190 primo
1444 1144 1505 1178 late
1533 1144 1703 1185 limbatae,
1730 1145 1901 1184 stays—⁴33
1932 1157 2006 1177 lnm.
2032 1144 2152 1190 longae
2167 1149 2198 1177 et

580 1200 755 1239 omli—2³0
782 1212 858 1233 mm·
886 1200 978 1233 latae.
1037 1198 1169 1237 Quibus
1198 1202 1298 1235 rebus
1326 1208 1513 1237 commotus
1539 1203 1626 1237 nolui
1657 1204 1686 1237 in
1714 1203 1826 1250 plures
1853 1203 1986 1249 species
2003 1202 2199 1236 distribuere

579 1258 717 1299 formas,
755 1259 839 1293 inter
875 1272 957 1306 quas
995 1260 1069 1294 nulli
1114 1259 1246 1307 quidem
1284 1260 1514 1303 characteres,
1553 1263 1671 1297 multae
1698 1269 1804 1297 autem
1833 1262 1957 1295 formae
1984 1260 2197 1295 intermediae

580 1317 707 1352 adsunt.
724 1338 771 1345 —
795 1317 936 1365 Insignis
963 1324 1014 1353 est
1038 1319 1195 1353 morbosa
1221 1319 1271 1353 illa
1298 1320 1541 1355 transformatio
1573 1321 1659 1356 thalli
1683 1320 2099 1362 scrobiculato-soveolati‚
2118 1320 2198 1354 dila-

581 1379 653 1417 tati,
691 1377 854 1412 interdum
892 1379 1128 1413 excrescentiis
1167 1379 1284 1425 amplis
1320 1379 1495 1414 toveolatis
1535 1381 1650 1421 obsiti,
1687 1394 1772 1429 quae
1804 1381 1834 1415 in
1864 1394 1930 1414 var.
1960 1386 1989 1424 β.
2015 1379 2099 1414 liaud
2123 1392 2198 1414 raro

580 1436 734 1470 occurrit.

728 1505 743 1520 *²
761 1506 803 1540 Α.
839 1505 1017 1540 Thulemis
1043 1505 1114 1541 Th.
1144 1506 1223 1542 Fr.:
1251 1505 1357 1542 thallo
1374 1506 1599 1549 fruticuloso,
1616 1507 1787 1552 rigidulo,
1803 1508 2045 1548 teretiuseulo‚
2065 1512 2198 1548 erecto,

581 1562 861 1600 subdichotome
897 1577 1059 1606 ramoso,
1095 1564 1256 1613 apicibus
1298 1566 1376 1614 plus
1420 1567 1536 1602 minus
1583 1567 1751 1608 deflexis,
1789 1567 1983 1612 nigricante
2024 1567 2197 1607 lividove‚

580 1623 657 1659 basi
685 1622 889 1671 pallidiore:
918 1622 1115 1671 apotheciis
1144 1652 1298 1660 .....
1330 1630 1419 1669 (non
1446 1625 1558 1674 visis).

731 1694 828 1743 Syn.
888 1694 1135 1730 Corniculana
1171 1696 1368 1732 oehroleaca
1394 1703 1421 1743 β.
1450 1704 1645 1743 nigrescens
1673 1696 1775 1732 Acti.
1808 1695 1905 1732 Univ.
1937 1711 1967 1745 p.
1998 1696 2086 1737 615,
2115 1695 2198 1745 Syn.

632 1768 663 1801 p.
695 1754 763 1788 301
796 1756 844 1801 (p.
873 1755 968 1801 p.)?'?
993 1775 1040 1781 —
1066 1755 1243 1790 Alectm-I'a
1268 1754 1424 1792 Koerb.
1450 1755 1515 1804 Pg.
1544 1770 1577 1804 p.
1605 1757 1651 1791 5?

732 1824 860 1858 Lichen
889 1825 1103 1861 achroleucus
1135 1826 1282 1875 Vang.
1313 1827 1424 1876 Lapp.
1454 1843 1486 1876 p.
1515 1829 1587 1864 438
1614 1833 1661 1876 (p.
1690 1829 1762 1863 min.
1796 1830 1908 1876 part.).

732 1895 825 1930 Exs.
883 1895 953 1931 Th.
983 1896 1046 1932 Fr.
1076 1898 1182 1933 nde.

726 1973 765 2008 In
805 1973 940 2021 campis
981 1973 1204 2022 rupibusque
1246 1976 1377 2011 muscis
1419 1981 1453 2011 et
1495 1975 1694 2011 licbenibus
1735 1975 1868 2011 vestitis
1909 1975 2015 2011 totius
2043 1974 2201 2019 regionis

583 2032 879 2075 Scandinavieae‚
905 2032 1113 2080 Lapponiae
1141 2034 1315 2069 Rossicae
1343 2033 1418 2080 (hb.
1449 2034 1540 2070 Mus.
1573 2036 1752 2083 Petrop.)‚
1779 2035 1842 2070 ins.
1870 2033 2198 2083 Spitsbergcnsium

583 2091 628 2135 (J.
669 2090 812 2139 vahl.)
840 2096 874 2126 et
905 2091 1175 2127 Grocnlandiae
1216 2092 1377 2140 pluribus
1406 2093 1495 2129 locis
1530 2094 1661 2142 (idem)
1691 2093 1836 2129 minime
1864 2106 1941 2130 rara
1971 2099 2005 2128 ut
2031 2093 2135 2128 etiam
2165 2093 2199 2128 in

582 2150 690 2185 ramis
713 2150 871 2198 juniperi
898 2155 933 2186 et
958 2149 1100 2187 betulae
1129 2152 1280 2200 parcius.
1310 2175 1355 2181 —
1384 2153 1415 2188 E
1441 2154 1555 2189 Terra
1585 2152 1687 2189 Nova
1717 2166 1796 2188 eam
1826 2165 1972 2202 quoque
2002 2152 2073 2187 vidi
2115 2152 2198 2198 (sub

583 2220 678 2243 nom.
709 2210 808 2244 Αἶσα
845 2211 1031 2257 Borymme
1058 2210 1152 2246 Del.
1183 2211 1296 2259 ined.)

732 2282 858 2318 Habitu
896 2292 929 2319 et
962 2287 1075 2321 colore
1108 2287 1192 2320 inter
1223 2286 1482 2334 praecedentem
1511 2293 1543 2322 et
1576 2286 1853 2322 Corniculariam
1878 2285 2104 2330 divergenlem
2132 2284 2199 2319 sere

583 2348 634 2376 est
662 2342 786 2382 media,
813 2343 854 2377 illi
880 2350 988 2378 tamen
1016 2345 1189 2379 crescendi
1218 2345 1319 2380 modo
1344 2352 1377 2380 et
1402 2345 1648 2380 characteribus
1677 2345 1745 2380 sere
1766 2344 1919 2378 omnibus
1935 2344 2084 2390 proxima
2101 2356 2181 2390 prae

584 2407 634 2435 ter
661 2401 827 2442 colorem,
857 2403 910 2449 qui
937 2409 1044 2437 tamen
1074 2417 1208 2451 semper
1232 2411 1388 2439 constans
1416 2407 1505 2438 visus
1533 2410 1598 2444 θεῖς
1625 2403 1665 2437 ad
1696 2403 1787 2437 basin
1815 2401 1916 2449 vulgo
1946 2401 2095 2448 pallescit
2123 2409 2155 2438 et
2181 2417 2196 2436 a

588 2459 757 2496 Cladonia
788 2460 1037 2506 rkangz'ferina
1071 2462 1182 2496 habitu
1213 2476 1278 2496 non
1303 2462 1400 2497 valde
1425 2462 1597 2503 abhorret,
1625 2462 1738 2509 apices
1766 2466 1873 2494 autem
1904 2474 2020 2495 versus
2045 2461 2197 2496 obscuri-

584 2533 623 2554 or
661 2526 728 2558 est.
766 2519 975 2561 fuscescens,
1007 2520 1122 2556 lividus
1162 2521 1213 2555 vel
1247 2522 1429 2568 nigricans,
1459 2521 1519 2556 sed
1547 2534 1725 2569 numquam
1747 2519 1843 2553 ullum
1872 2520 2045 2566 vestigium
2075 2520 2197 2555 coloris

585 2577 776 2614 ochroleuci
817 2580 952 2614 inveniri
990 2586 1119 2627 potest,
1157 2593 1220 2628 qua
1262 2587 1337 2614 nota
1377 2580 1469 2615 l'acile
1506 2579 1711 2628 dignoscitur
1742 2578 1783 2612 ab
1814 2580 1901 2613 omni
1929 2578 1971 2613 A.
2001 2578 2197 2614 ocltroleuca

584 2639 725 2686 ejusque
751 2639 909 2674 varietate
937 2643 1147 2684 nigrescente
1168 2640 1187 2674 i.
1211 2652 1239 2674 e.
1265 2639 1502 2687 speciminibus
1526 2639 1767 2681 minoribus,in
1784 2638 1922 2686 rupibus
1938 2650 2036 2686 quam
2056 2639 2197 2674 maxime

584 2699 704 2745 apricis
733 2698 841 2732 obviis
869 2697 1014 2746 ideoque
1043 2697 1110 2733 fere
1135 2699 1268 2733 omnino
1299 2699 1546 2746 nigricantibus.
1579 2697 1649 2733 Pro
1675 2697 1775 2745 hujus
1802 2697 1907 2733 forma
1935 2696 2042 2732 adulta
2059 2697 2110 2732 vel
2125 2710 2197 2734 mos
