2379 3188
627 255 709 298 262

575 365 674 405 ciem,
714 365 787 411 quia
830 377 898 400 var.
937 372 1095 401 tauricae
1129 364 1386 413 ''spermogonia
1414 365 1555 400 offerunt
1581 367 1771 413 sterigmata
1800 366 1965 401 articulata
1999 367 2191 415 formaeque

569 428 604 456 ut
640 424 670 456 in
699 423 904 471 Bmomycd'
930 428 1010 471 (non
1040 438 1170 459 ramosa
1197 419 1245 459 ‘ut
1290 425 1568 472 Clmlmziarum),
1597 432 1629 460 et
1656 426 1746 460 addit
1768 425 1922 475 insuper:
1948 425 2192 460 ''Thmmzoliae

570 494 677 528 genus
715 483 800 517 sistit
827 510 833 518 .
864 511 870 518 .
901 511 907 518 .
937 512 944 519 .
972 484 1142 519 manifeste
1185 484 1372 519 distinctum
1410 485 1472 530 jam
1508 490 1634 518 textura
1677 486 1767 519 strati
1797 485 1960 520 corticalis
1996 484 2113 519 tlialli''.
2143 506 2190 511 —

571 541 705 580 Quibus
744 544 845 578 rebus
900 543 971 578 freti
1014 542 1215 590 liclienologi
1258 543 1407 577 hodierni
1441 544 1471 578 in
1509 543 1593 577 hanc
1621 544 1814 579 sententiam
1845 545 2092 591 conspiravere.
2147 543 2193 577 At

570 603 630 637 lias
671 610 766 638 notas
805 602 999 637 accuratiori
1034 603 1250 648 subjiciamus
1282 603 1420 637 examini
1461 608 1493 636 et
1528 603 1621 636 aliam
1656 603 1796 637 fortasse
1825 604 2018 637 sententiam
2048 604 2191 650 accipia—

571 676 654 697 mus.
708 662 746 697 Si
775 664 860 697 enim
890 663 1108 710 speciminum
1136 661 1397 695 Oelandicorum
1427 660 1523 695 Lich.
1555 667 1684 695 taurici
1713 663 1835 709 largam
1861 676 2002 697 messem
2027 663 2191 697 examina-

574 735 664 763 mus,
692 723 733 757 ab
762 722 884 756 Amico
914 720 1103 755 Flodero
1131 726 1348 768 reportatam,
1376 719 1469 753 l'acile
1493 721 1700 754 inveniuntur
1726 721 1784 754 alia
1816 721 1948 769 podetia
1969 721 2100 755 dimidia
2119 734 2192 769 par-

571 788 602 815 te
632 781 758 822 albida,
786 780 916 815 dimidia
946 780 1055 821 fusca,
1083 779 1141 812 alia
1171 784 1237 812 tota
1265 777 1372 811 albida
1401 784 1534 826 praeter
1565 792 1698 826 parvam
1727 779 1824 813 medii
1854 780 1978 827 podetii
2001 787 2126 829 partem
2143 780 2192 814 fu-

571 847 780 875 scescentem
821 853 849 874 e.
877 853 902 873 s.
930 852 962 886 p.
1019 837 1157 876 Paucis,
1185 837 1436 871 evidentissima
1463 837 1560 871 adest
1586 843 1687 871 series
1712 843 1802 871 inter
1830 838 1930 872 Licb.
1961 845 2134 874 tam-[cnm
2161 847 2193 873 et

575 900 777 936 Cladomam
802 899 967 944 gracilem
994 903 1022 942 β.
1049 895 1232 943 hybridam
1259 896 1637 945 (711acr0ce⁷·atem),in
1666 895 1828 931 Oelandia
1855 899 2036 946 vulgarem.
2072 897 2127 932 Ex
2147 911 2187 932 eo

572 961 674 995 oritur
711 959 792 992 liaec
834 962 1021 991 monstrosa
1063 955 1193 1004 proles,
1219 954 1309 1002 quod
1339 961 1474 989 stratum
1500 956 1546 990 Cl.
1570 956 1718 1001 gracilis
1751 970 1815 990 mm
1847 956 2045 997 dealbatur,
2074 957 2134 991 sed
2156 962 2191 990 ’ἐφ’

559 1018 732 1065 frustula
761 1017 977 1051 dilaceratur
1001 1023 1035 1050 et
1059 1019 1236 1049 evanescit.
1289 1012 1377 1048 Rem
1407 1028 1482 1049 sese
1512 1015 1552 1048 ita
1580 1014 1703 1049 habere
1733 1017 1909 1063 unicuique
1937 1016 2094 1051 dubitanti
2124 1016 2192 1050 evi·

572 1077 770 1112 ‹lentissimis
813 1075 1050 1124 speciminibus
1091 1074 1243 1108 facillime
1273 1086 1410 1122 possum
1438 1073 1658 1122 persuadere!
1685 1095 1729 1101 —-
1760 1073 1863 1112 Quod
1891 1083 2062 1124 praeterea
2088 1074 2129 1108 ad
2157 1088 2191 1108 a-

570 1137 723 1187 potliecia
752 1148 769 1168 a
802 1133 874 1169 Cel.
901 1133 1189 1180 Mas-salongo
1219 1132 1386 1181 descripta
1416 1134 1545 1172 attinet,
1575 1134 1646 1182 ipse
1676 1134 1767 1175 dicit,
1799 1147 1835 1168 ea
1866 1148 1941 1169 esse
1969 1132 2191 1174 ''al›noi·n1ia'';

569 1197 719 1246 partibus
747 1195 881 1229 internis
912 1207 928 1227 a
957 1193 1128 1228 Cladom‘is
1157 1193 1280 1226 interea
1306 1205 1371 1226 non
1397 1191 1596 1240 discrepant.
1650 1191 1832 1228 Minutulae
1858 1194 1900 1228 illi
1924 1201 2022 1229 notae
2050 1208 2068 1228 e
2097 1206 2191 1242 sper-

568 1256 734 1303 mogoniis
763 1254 959 1301 desumptae
989 1251 1044 1286 vix
1069 1257 1155 1286 tanta
1186 1252 1234 1285 vis
1263 1257 1314 1285 est
1342 1251 1531 1293 tribuenda,
1560 1258 1594 1285 ut
1617 1253 1661 1286 ob
1691 1266 1761 1286 eam
1791 1253 1894 1287 solam
1911 1253 1993 1288 llaec
2010 1255 2108 1302 stirps
2123 1266 2188 1287 non

568 1316 675 1351 solum
704 1326 827 1361 genere
856 1312 916 1347 sed
941 1313 1038 1346 etiam
1067 1311 1153 1345 tribu
1177 1311 1219 1345 ab
1247 1310 1399 1345 aslinibus
1435 1310 1608 1345 Cladom'is
1638 1311 1829 1353 divellatur2
1857 1313 1882 1347 si
1910 1314 1995 1347 enim
2023 1326 2102 1347 vera
2131 1312 2189 1346 ad-

567 1381 618 1411 est
643 1374 842 1413 differentia,
870 1370 1118 1406 observandum
1145 1376 1214 1410 est,
1242 1369 1301 1403 lias
1329 1376 1442 1417 partes
1471 1371 1525 1404 vix
1552 1370 1660 1406 adhuc
1688 1372 1765 1406 satis
1796 1373 1946 1418 cognitas
1973 1372 2190 1407 verisimiliter

566 1448 632 1470 non
664 1434 779 1468 minori
810 1432 977 1466 variationi
1003 1430 1173 1476 subjectas
1197 1443 1289 1470 esse,
1317 1442 1415 1476 quam
1444 1436 1553 1464 cetera
1584 1430 1747 1465 lichenum
1786 1444 1920 1478 organa.
1954 1453 2004 1458 —
2045 1430 2188 1470 Omnia,

569 1507 655 1542 quae
694 1494 830 1540 insuper
871 1490 963 1524 affert
997 1488 1069 1523 Cel.
1097 1487 1401 1535 Massalongo‚
1435 1495 1467 1522 ut
1492 1488 1683 1536 dignitatem
1714 1490 1902 1538 specificati}
1933 1490 2030 1536 hujus
2058 1490 2186 1539 plantae

572 1551 745 1592 del'emlat,
788 1549 951 1596 ejusmodi
980 1555 1071 1587 sunt,
1105 1554 1140 1581 ut
1167 1548 1327 1582 similibus
1356 1549 1537 1583 rationibus
1565 1550 1692 1589 Isiclza,
1721 1549 1956 1590 Τανέοῖαγίαρ,
1992 1549 2190 1597 [φνανιῗαε

568 1629 595 1648 e.
624 1626 648 1647 s.
676 1625 708 1659 p.
737 1616 769 1644 ut
798 1615 997 1643 autonomae
1026 1607 1154 1655 plantae
1180 1607 1365 1642 servandae
1393 1614 1515 1642 essent.

718 1680 815 1718 Quae
845 1691 931 1713 nunc
958 1678 1063 1717 attuli,
1091 1677 1235 1711 breviter
1262 1676 1357 1710 liceat
1386 1676 1691 1724 comprehendere:

721 1770 782 1802 120.
838 1766 966 1801 Lz'clten
995 1771 1152 1801 tauricas
1181 1764 1232 1799 W
1245 1765 1310 1799 ull'.
1338 1767 1385 1810 (in
1416 1765 1608 1813 regionibus
1634 1767 1763 1801 arcticis
1792 1779 1856 1800 non
1878 1767 2045 1812 inventus)
2069 1768 2187 1801 certis-

566 1830 647 1864 sime
676 1841 740 1862 non
770 1834 821 1861 est
848 1832 1025 1860 autonoma
1056 1825 1183 1873 planta,
1224 1824 1283 1859 sed
1313 1827 1544 1859 monstrositas
1581 1823 1767 1860 Cladoniue
1791 1825 1938 1870 gruellis
1961 1831 1989 1869 β.
2023 1824 2188 1872 hybrldae

564 1885 861 1937 (macroceratisj
874 1888 918 1930 1).

716 1955 783 1989 220.
838 1952 1028 2001 Apotliecia
1073 1953 1131 1986 rite
1160 1952 1290 1986 evoluta
1326 1952 1424 1986 Lielz.
1455 1953 1693 1986 vermicularis
1720 1953 1772 1986 vix
1803 1951 1912 1986 adbuc·
1939 1959 2012 1986 sunt
2040 1954 2185 1995 inventa,

565 2028 667 2062 quare
708 2028 816 2062 genus
859 2011 1082 2046 Thamnalme
1109 2024 1207 2058 quam
1240 2012 1378 2045 maxime
1407 2011 1542 2046 dubium
1572 2018 1633 2046 est.
1689 2010 1727 2045 Si
1757 2024 1836 2045 vero
1866 2010 2040 2058 apotheria
2071 2025 2086 2045 a
2110 2011 2183 2048 Cet.

565 2073 848 2120 Massalongo
880 2072 1045 2119 descripta
1077 2071 1107 2104 in
1135 2070 1200 2104 hoc
1228 2070 1356 2105 lichene
1385 2077 1460 2105 sunt
1488 2071 1663 2112 normalia,
1688 2070 1788 2105 Lich.
1819 2075 1976 2105 tauricas
2004 2080 2036 2105 et
2063 2077 2183 2106 vermi-

563 2133 693 2167 cularis
721 2145 844 2179 genere
876 2136 951 2166 sunt
975 2129 1217 2177 distinguenda.

714 2200 779 2234 320.
834 2199 1009 2234 Structura
1036 2197 1123 2231 thalli
1152 2211 1168 2232 a
1203 2196 1451 2233 Cladom'arum
1487 2195 1683 2244 discrepans
1714 2211 1755 2232 eo
1786 2204 1856 2232 orta
1886 2203 1952 2238 est,
1982 2197 2072 2244 quod
2101 2203 2182 2231 stra-

562 2265 628 2292 tum
655 2257 811 2293 corticale
841 2258 1002 2305 disparuit
1032 2257 1177 2303 ideoque
1203 2262 1339 2291 stratum
1369 2255 1549 2290 medullare
1579 2257 1687 2291 solum
1716 2257 1769 2291 vel
1796 2258 1883 2291 tenui
1911 2258 2000 2291 strati
2016 2256 2180 2290 cortic-alis

562 2318 705 2364 vestigio
734 2323 856 2351 tectum
886 2317 1050 2351 remansit.
1110 2314 1213 2354 Quod
1241 2315 1283 2349 de
1311 2316 1354 2350 L.
1385 2320 1519 2350 taurica
1549 2324 1599 2350 est
1628 2315 1749 2349 dictum
1780 2315 1997 2350 verisimiliter
2024 2316 2120 2349 etiam
2139 2314 2181 2349 de

562 2376 607 2411 L.
627 2376 847 2409 vermiculum
874 2388 909 2408 Va
916 2375 967 2409 let.

1105 2446 1217 2485 Fam.
1247 2446 1316 2487 VI.
1347 2445 1635 2485 UMsslnchmm.

714 2519 861 2556 Thallus
887 2518 1327 2566 cartilagineo-foliaceus,
1356 2530 1484 2553 mono·
1510 2517 1530 2553 l.
1572 2515 1840 2564 poly—phyllus,
1871 2514 2007 2551 matrici
2038 2516 2179 2552 umbili-

562 2580 802 2616 cato-affixus.
857 2577 1061 2628 Apothecia
1086 2577 1284 2626 patellaria,
1313 2576 1487 2625 simplicia
1514 2575 1533 2611 l.
1560 2574 1824 2624 prolilicatione
1851 2574 2149 2624 gyroso-plicata.

646 2681 669 2709 1)
692 2675 814 2704 Omnino
837 2676 909 2703 idem
934 2675 1039 2703 invenit.
1065 2672 1243 2703 Wallroth.
1272 2673 1328 2702 Csr.
1351 2672 1403 2702 Fr.
1427 2673 1457 2701 L.
1484 2673 1512 2700 E.
1535 2682 1560 2710 p.
1587 2676 1651 2700 220.
