2379 3188
574 305 577 309 ’
629 303 715 344 248

732 410 901 446 Cladonia
927 417 1117 447 ventricosa
1143 419 1172 458 β.
1201 414 1437 463 macrophylla
1466 414 1638 451 Schaer.
1672 416 1762 466 Spic.
1789 431 1820 466 p.
1848 417 1931 453 316.

732 478 900 514 Cladonia
918 481 1102 528 pyxidum
1128 494 1195 515 var.
1224 481 1288 517 Fr.
1318 482 1354 517 L.
1372 482 1414 519 E.
1441 498 1472 532 p.
1499 483 1572 518 218
1601 490 1634 519 et
1662 484 1745 520 227.

736 545 905 582 Cladoma
932 561 1112 596 squamosa
1140 566 1164 594 γ.
1195 549 1405 585 decorticata
1433 550 1606 587 Schaer.
1632 550 1753 586 Enum.
1784 566 1814 600 p.
1845 552 1924 587 199.

730 613 899 650 Cladmzz'a
918 616 1101 663 pyxidula
1131 621 1160 661 β.
1187 617 1464 666 symphycarpea
1492 617 1647 654 Koerb.
1676 617 1768 667 Syst.
1801 633 1833 667 p.
1862 620 1915 655 18.

725 680 820 717 Exs.
846 681 882 717 L.
911 681 971 716 Su.
1000 697 1028 717 n.
1055 684 1108 717 81.
1139 705 1184 709 —
1214 683 1351 719 Smrft.
1380 699 1409 720 n.
1442 684 1522 719 159.
1552 707 1600 712 ——
1628 684 1799 721 Schaer.
1829 701 1858 721 n.
1890 687 1973 722 279.

726 751 787 787 Ad
814 756 946 788 terram
975 753 1106 788 nudam
1135 766 1243 802 supra
1268 767 1356 790 saxa
1383 767 1567 804 rupesque
1587 755 1813 804 Lapponiae,
1830 755 2090 798 Nordlandiae,
2106 754 2192 791 Fin-

576 810 734 846 markiae
760 816 814 847 sat
841 811 1059 860 frequenter.

727 882 797 918 Pro
826 883 959 931 propria
990 884 1103 931 specie
1133 896 1233 930 quum
1263 885 1325 929 jam
1349 883 1431 918 lianc
1457 884 1599 933 plantam
1618 884 1746 926 liabeo,
1762 885 1906 933 respicio
1927 898 1990 918 non
2014 883 2113 918 modo
2131 884 2192 918 bo-

576 953 638 975 nos
665 943 738 988 ejus
767 948 799 976 et
827 948 1018 976 constantes
1058 941 1267 977 characteres
1302 942 1517 990 habitumque
1542 943 1820 985 diversissimum,
1850 956 1935 991 quos
1965 944 2027 978 sub
2054 943 2194 977 diversis

577 1000 681 1035 coelis
719 1002 842 1049 optime
881 1007 1006 1041 servat,
1034 1001 1095 1035 sed
1123 1002 1218 1035 etiam
1248 1001 1491 1043 difficultatem,
1520 1015 1660 1049 quacum
1702 1002 1891 1037 luctandum
1920 1008 1986 1043 est,
2008 1003 2033 1036 si
2062 1002 2113 1036 cui
2142 1001 2194 1035 alii

575 1060 699 1108 speciei
734 1066 767 1093 ut
801 1059 938 1093 formam
966 1061 1129 1108 atypicam
1159 1074 1230 1095 eam
1258 1061 1450 1096 adscribere
1480 1074 1647 1096 conamur.
1704 1060 1810 1108 Cujus
1838 1060 1885 1096 rei
1912 1062 2081 1095 veritatem
2107 1059 2194 1094 affir-

578 1124 665 1152 mant
688 1131 872 1167 synonyma
905 1118 1008 1153 allata.
1063 1117 1133 1154 Per
1158 1120 1269 1168 plures
1297 1133 1401 1155 annos
1430 1121 1641 1155 observatam
1669 1122 1755 1155 notis
1786 1120 1888 1154 allatis
1913 1121 2105 1168 (praecipue
2133 1132 2194 1168 po-

577 1176 672 1211 detiis
712 1177 857 1224 undique
899 1178 1396 1226 corallinoideo-squamulosis)
1436 1193 1570 1228 semper
1608 1179 1702 1214 facile
1737 1179 1921 1214 distinctam
1950 1180 2057 1213 inveni
2083 1191 2195 1226 neque

578 1238 732 1271 transitus
773 1250 928 1284 umquam
971 1238 1198 1286 praebentem.
1251 1237 1401 1272 Maxime
1429 1240 1481 1273 vix
1510 1239 1610 1274 dubie
1639 1239 1742 1273 affinis
1782 1245 1832 1273 est
1862 1238 1911 1274 Cl.
1931 1239 2149 1286 pyxztlataae
2176 1249 2194 1271 a

580 1294 629 1331 Cl.
672 1309 852 1343 squamosa
893 1296 992 1344 longe
1019 1296 1132 1338 distat,
1161 1297 1221 1332 sed
1254 1297 1305 1332 Cl.
1334 1298 1544 1333 decorticata
1573 1305 1623 1333 est
1653 1298 1793 1333 sortasse
1820 1298 1923 1332 forma
1951 1297 2116 1345 gracilior.
2146 1317 2191 1323 —-

575 1353 633 1389 De
673 1357 866 1404 synonymis
902 1357 1021 1389 ceteris
1057 1363 1187 1398 certus,
1224 1355 1410 1390 Achariana
1440 1357 1529 1391 attuli
1557 1358 1752 1391 anctoritate
1779 1356 2093 1391 Sommerseltii
2124 1361 2195 1390 tan-

577 1414 750 1448 tummodo
789 1423 995 1455 commotus,
1028 1416 1208 1464 praecipue
1237 1428 1337 1462 quum
1367 1415 1609 1465 descriptiones
1634 1430 1698 1451 non
1733 1417 1864 1451 omnino
1894 1416 2065 1463 quadrent.
2119 1413 2196 1449 No-

578 1486 652 1507 men
689 1480 796 1507 autem
828 1481 877 1508 sat
905 1474 1093 1520 significans
1124 1475 1230 1509 visum
1258 1481 1325 1515 est,
1357 1487 1458 1522 quare
1487 1496 1535 1501 —
1563 1481 1632 1509 utut
1658 1488 1712 1510 res
1743 1488 1819 1510 sese
1847 1474 1947 1510 habet
1971 1496 2016 1500 -
2045 1473 2086 1508 ad
2110 1475 2195 1509 inte-

576 1533 635 1566 rim
664 1532 779 1567 saltem
809 1531 1032 1566 adhibendum
1064 1539 1125 1567 est.

732 1603 762 1636 4.
799 1601 835 1637 C.
863 1603 1071 1638 decorticata
1101 1602 1274 1651 (Flke.):
1304 1602 1458 1652 podetiis
1485 1603 1738 1644 breviusculis,
1761 1603 1969 1652 gracilibus,
1989 1602 2194 1652 subsimpli-

577 1659 695 1702 cibus,
723 1659 912 1696 fructiferis
939 1661 1162 1709 cylindricis,
1191 1661 1371 1698 sterilibus
1389 1662 1577 1703 subulafis,
1598 1662 1841 1704 decorticatis,
1862 1661 2051 1698 albissimis
2070 1660 2195 1697 fuscis-

578 1732 641 1761 ve,
669 1718 866 1767 squamulis
906 1719 1149 1755 minutissimis
1181 1720 1476 1757 albido-cinereis
1504 1721 1701 1770 adspersis.
1733 1720 1985 1770 phyllocladiis
2013 1720 2196 1757 basalibus

577 1777 833 1827 squamulosis;
863 1777 1061 1825 apotheciis
1088 1792 1198 1828 saepe
1228 1780 1542 1829 symphycarpeis.

730 1848 826 1897 Syn.
861 1848 1044 1896 Cenomyce
1068 1851 1278 1887 decorticata
1302 1852 1416 1888 Flke.
1445 1854 1476 1887 in
1505 1851 1651 1887 Smrft.
1681 1850 1798 1900 Suppl.
1825 1865 1857 1900 p.
1892 1851 1972 1887 132.
1995 1874 2046 1879 -
2070 1851 2194 1888 Clado-

628 1913 688 1943 m'a
715 1907 782 1942 Fr.
804 1907 842 1942 L.
870 1907 911 1941 E.
940 1922 970 1956 p.
998 1908 1081 1948 226,
1104 1909 1257 1946 Koerb.
1283 1910 1374 1961 Syst.
1400 1926 1431 1961 p.
1459 1911 1517 1946 25.

731 1974 826 2010 Exs.
858 1975 974 2010 Flke.
1002 1990 1032 2010 n.
1062 1976 1118 2012 75.

731 2042 771 2077 In
810 2041 980 2078 lateribus
1013 2042 1186 2078 montium
1214 2042 1507 2091 infel-alpinorum
1537 2044 1604 2081 sub
1632 2044 1724 2093 pinis
1749 2044 1783 2080 in
1810 2043 1990 2080 Saltdalen
2015 2042 2195 2080 Nordlan-

579 2101 659 2137 diae
683 2101 864 2137 rarissime
893 2101 934 2148 (S
947 2113 978 2136 m
988 2100 1030 2136 rf
1033 2104 1083 2149 t.).
1114 2124 1158 2128 —
1186 2100 1301 2136 Etiam
1331 2101 1484 2138 indicata
1511 2108 1599 2138 este
1614 2103 1798 2152 Lapponia
1814 2103 1990 2140 Kemensi
2010 2103 2083 2151 (vel
2103 2103 2196 2139 Ros—

576 2161 667 2210 sica)
694 2160 729 2196 iu
755 2159 868 2196 Herb.
897 2159 988 2196 Mus.
1010 2160 1142 2200 Fenn.,
1174 2159 1240 2195 sed
1267 2160 1328 2195 vix
1354 2169 1453 2196 recte
1478 2161 1723 2198 determinata.

731 2232 873 2282 Species
913 2246 1002 2274 rara,
1038 2234 1154 2282 paucis
1183 2235 1325 2281 cognita.
1380 2233 1516 2283 Optime
1544 2242 1658 2269 monet
1685 2234 1845 2275 Smrst.‚
1876 2236 1970 2281 cujus
1998 2234 2195 2283 descriptio-

576 2303 656 2327 nem
685 2305 784 2340 supra
811 2292 882 2327 sere
909 2293 1073 2327 verbotim
1100 2294 1324 2342 transscripsi:
1346 2292 1499 2342 ''podetia
1529 2294 1693 2329 fructifera
1717 2294 1821 2328 rarius
1845 2295 1939 2341 apice
1963 2293 2084 2333 divisa,
2106 2305 2196 2327 sem-

579 2364 638 2400 per
666 2364 794 2399 opaca,
836 2353 929 2399 quasi
959 2353 1062 2401 bysso
1095 2352 1168 2387 alba
1195 2358 1296 2393 tecta,
1320 2352 1529 2401 apothecium
1559 2354 1698 2401 primum
1727 2352 1890 2399 singulum
1919 2352 2053 2400 podetia
2083 2352 2195 2386 termi-

581 2416 654 2452 nat,
685 2410 775 2458 quod
808 2416 914 2445 aetate
944 2422 1103 2446 crescens
1132 2411 1242 2446 medio
1268 2412 1428 2461 rumpitur
1456 2417 1488 2447 et
1514 2411 1687 2460 apothecia
1715 2412 1869 2446 mentitur
1891 2416 1924 2445 et
1939 2410 2102 2459 scyphum
2119 2423 2196 2459 per—

579 2470 666 2503 vium
695 2470 841 2518 spurium
870 2468 998 2504 efficit.'‘

733 2539 765 2574 5.
800 2539 849 2575 Cl.
878 2541 1087 2585 degenerans
1115 2538 1286 2587 (Flke.):
1315 2537 1469 2587 podetiis
1495 2537 1687 2587 elongatis,
1716 2535 1924 2586 gracilibus,
1959 2535 2196 2585 viridi-palle-

580 2597 780 2639 scentibus,
810 2597 888 2633 basi
918 2602 952 2633 et
979 2602 1095 2633 aetate
1121 2596 1375 2647 nigricantibus
1396 2596 1730 2646 albo—guttatisque,
1749 2595 2196 2645 cartilagineo-corticatis,

578 2656 727 2705 scyphis
767 2656 1042 2706 irregularibus,
1086 2656 1460 2699 sublacero-radiatis,
1501 2655 1662 2705 margine
1709 2654 1903 2704 proliferis;
1944 2653 2196 2703 phyllocladiis

580 2714 760 2752 basalibus
787 2716 921 2752 minute
948 2715 1198 2765 squamulosis.
