2379 3188
606 828 1001 888 LICHENES
1074 830 1361 889 ARCTOI

279 941 527 991 EUROPAE
567 942 1111 996 GROENLANDIAEQUE
1150 942 1437 988 HACTENUS
1470 941 1703 988 coemit.

580 1078 806 1107 COLLEGIT,
833 1077 1129 1105 EXAMINAVIT‚
1157 1075 1388 1101 DISPOSUIT

785 1154 877 1181 ΤΗ.
905 1153 957 1180 M.
984 1151 1186 1186 Pullis,

730 1205 800 1221 PHIL.
820 1205 910 1227 DOCT.,
930 1205 1025 1221 BOTAN.
1045 1204 1147 1221 DOGENS
1166 1202 1256 1220 UPSAL.

1071 1321 1194 1345 Lichencs
1213 1322 1303 1344 minimi
1323 1322 1400 1344 nudas
1419 1325 1504 1351 tegunt
1524 1328 1606 1352 rupes.
1627 1321 1680 1344 illus
1701 1321 1803 1343 reddunt

965 1366 1086 1396 jucundas
1106 1369 1129 1388 et
1148 1369 1214 1388 atrae
1233 1364 1300 1387 humi
1319 1364 1395 1395 prima
1414 1368 1471 1387 sunt
1488 1364 1569 1394 origo,
1583 1369 1606 1387 et
1628 1369 1804 1394 consequenter

969 1409 1060 1439 primus
1088 1408 1177 1438 gradus
1205 1407 1371 1438 vegetationis,
1408 1406 1499 1437 Ecquis
1527 1407 1607 1438 itaque
1626 1407 1704 1430 dicere
1723 1412 1805 1438 posset

969 1451 1056 1475 horum
1076 1451 1240 1481 cognitionem
1259 1457 1310 1473 csse
1330 1449 1455 1473 inutilem?

1311 1492 1410 1521 me'c,
1428 1493 1486 1517 Am.
1506 1493 1586 1516 Acad.
1606 1493 1652 1516 111.
1673 1501 1695 1524 p.
1717 1495 1774 1516 244.

175 1565 286 1619 Satis
309 1582 446 1630 jamdiu
476 1583 569 1619 inter
595 1595 725 1620 omnes
754 1587 909 1626 constat,
937 1594 1011 1631 quo
1040 1582 1180 1628 majore
1201 1580 1236 1616 in
1262 1579 1421 1629 qualibet
1447 1583 1542 1616 terra
1565 1579 1737 1616 varietate
1769 1587 1804 1617 ct

175 1641 338 1677 ubertate
378 1641 538 1678 abundet
564 1646 706 1684 natura,
736 1654 782 1678 eo
811 1654 932 1677 rerum
961 1640 1175 1677 naturalium
1206 1639 1372 1675 studioso
1400 1639 1518 1675 minus
1545 1639 1704 1675 evadere
1732 1641 1803 1676 sin-

174 1699 337 1750 gularum
363 1701 567 1749 specierum
593 1705 834 1743 momentum,
863 1713 963 1742 nam,
993 1704 1031 1736 ut
1056 1711 1178 1735 veram
1207 1698 1322 1746 possit
1351 1697 1559 1746 claramque
1585 1699 1637 1734 rei
1661 1699 1803 1735 univer-

176 1772 238 1796 sae
266 1760 459 1808 concipere
486 1760 688 1802 notionem,
719 1760 815 1796 mole
851 1759 954 1809 quasi
982 1759 1115 1795 obruto
1144 1758 1181 1793 fit
1209 1769 1362 1793 necesse
1390 1757 1435 1792 ab
1465 1757 1686 1807 singularum
1716 1770 1803 1793 con-

176 1818 407 1867 templatione
433 1819 590 1855 animum
620 1818 831 1856 abstrahere
860 1823 895 1854 et
919 1818 966 1854 ad
992 1823 1121 1867 typos,
1151 1829 1244 1866 quos
1277 1816 1417 1858 dicunt,
1446 1816 1664 1866 insigniores
1689 1817 1802 1853 modo

177 1881 212 1913 et
247 1877 412 1913 insolitos
453 1878 655 1920 attendere,
697 1878 757 1927 qui
785 1890 850 1914 sua
884 1877 1009 1913 indole
1037 1881 1072 1912 et
1096 1876 1196 1925 priva
1225 1875 1416 1924 regionem
1444 1875 1602 1912 induant.
1658 1876 1696 1911 In
1728 1876 1804 1912 aliis

176 1948 265 1971 vero
294 1936 411 1978 terris,
440 1936 509 1973 sub
538 1937 724 1986 asperiore
750 1937 825 1973 sitis
853 1936 947 1972 coeli
976 1935 1096 1986 plaga,
1123 1934 1185 1970 ubi
1211 1939 1407 1983 tempestas
1426 1947 1535 1971 saeva
1554 1939 1662 1983 atque
1682 1935 1804 1984 iniqua

177 1994 353 2043 impediit,
394 1996 587 2044 quominus
627 1996 731 2033 solita
773 2000 935 2032 uteretur
973 1994 1126 2043 prodiga
1154 1998 1280 2029 natura
1308 1992 1535 2035 liberalitate,
1569 1998 1604 2029 et
1628 1994 1802 2043 exiguum

178 2058 311 2089 tantum
340 2053 536 2090 formarum
564 2067 755 2091 numerum
784 2067 864 2091 eam
895 2067 1002 2104 passa
1030 2058 1085 2090 est
1111 2053 1350 2102 progignere,
1377 2052 1480 2088 aliter
1503 2053 1652 2088 omnino
1673 2065 1731 2088 res
1747 2065 1804 2089 se-

178 2123 218 2147 se
255 2111 371 2148 habet.
426 2113 497 2149 Hic
528 2113 624 2150 enim
663 2114 838 2163 singulam
866 2114 1027 2163 speciem
1056 2112 1176 2148 locum
1209 2111 1305 2147 haud
1335 2110 1534 2147 obscurum
1562 2111 1728 2147 obtinere
1753 2111 1805 2147 fas

180 2174 233 2205 est
257 2192 302 2198 -—
330 2171 462 2220 quippe
490 2185 582 2221 quae
606 2173 843 2222 vegetationis
871 2177 1010 2222 partem
1034 2172 1118 2208 satis
1145 2170 1366 2206 eminentem
1395 2169 1526 2206 efficiat
1543 2185 1613 2212 -;
1638 2170 1803 2219 pleniore

180 2227 302 2277 igitur,
331 2230 569 2273 accuratiore,
597 2231 803 2274 subtiliore,
831 2237 868 2268 ut
896 2231 942 2268 ita
972 2231 1107 2273 dicam,
1136 2242 1229 2278 opus
1255 2234 1309 2265 est
1341 2229 1547 2278 specierum
1576 2230 1802 2280 cognitione,

181 2291 218 2322 ut
245 2293 376 2324 certam
405 2290 641 2339 vegetationis
667 2291 877 2340 propriique
903 2292 983 2338 ejus
1009 2289 1144 2340 ingenii
1172 2289 1332 2325 notitiam
1359 2300 1612 2338 assequamur,
1636 2301 1743 2338 quam
1769 2289 1803 2325 in

181 2346 298 2388 terris,
323 2346 539 2397 largioribus
566 2354 714 2385 naturae
744 2350 896 2386 mitioris
923 2348 1166 2399 gaudentibus
1196 2348 1313 2384 donis.
1342 2348 1456 2384 Unam
1481 2347 1589 2397 igitur
1609 2347 1804 2383 alteramve

181 2404 382 2452 specierum
407 2405 671 2454 (characterum
700 2408 837 2445 scilicet
862 2409 1034 2458 gravitate
1064 2407 1161 2444 haud
1189 2406 1418 2454 notabilium)
1451 2418 1472 2442 e
1499 2406 1607 2442 vastis
1632 2406 1804 2442 Brasiliae

183 2462 378 2513 Indiaeque
407 2466 599 2502 Orientalis
630 2467 746 2510 silvis,
775 2467 974 2504 innumeris
997 2479 1114 2515 paene
1142 2478 1184 2501 ae
1212 2464 1465 2500 diversissimis
1492 2464 1619 2500 formis
1641 2465 1804 2513 variega—

184 2520 227 2556 tis
256 2528 454 2573 ornateque
484 2525 672 2568 distinctis,
711 2530 931 2575 reportatam
961 2525 1139 2561 decadem
1166 2536 1277 2560 nosse
1300 2523 1418 2558 minus
1448 2545 1495 2551 —
1526 2522 1701 2558 hactenus
1737 2523 1806 2558 sal-

184 2583 255 2614 tem
296 2603 342 2609 -—
380 2582 490 2618 refert
533 2583 639 2620 simul
686 2588 722 2620 et
761 2584 934 2626 oblectat,
976 2595 1084 2633 quam
1125 2594 1260 2631 paucas
1294 2581 1413 2617 solum
1441 2581 1584 2629 species
1608 2585 1714 2617 antea
1752 2581 1805 2616 in—

185 2638 345 2687 cognitas
384 2640 572 2690 indagare,
615 2642 787 2691 regiones
814 2642 965 2690 perenni
993 2642 1069 2678 fere
1095 2640 1286 2677 horrentes
1312 2639 1396 2689 gelu
1426 2640 1616 2689 glacieque
1643 2637 1806 2674 habitan·
