2379 3188
1623 239 1703 280 231

303 347 436 382 Forma
462 343 627 393 primaria
655 355 802 379 muscos
828 342 932 379 vestit
958 346 994 378 et
1018 341 1135 378 minus
1161 342 1304 379 evoluta
1328 343 1363 379 in
1393 344 1469 392 ipsa
1493 349 1586 380 terra
1605 345 1762 381 occurrit

152 407 186 442 in
231 404 441 455 regionibus
480 402 591 437 fundo
631 401 843 438 recentioris
883 399 1108 436 formationis
1145 400 1332 438 substratis
1359 402 1532 451 frequens
1559 416 1617 439 ex.
1647 416 1697 452 gr.
1725 404 1760 439 in

151 464 369 501 Nordlandia
410 461 580 502 Saltensi,
617 460 803 508 Lapponia
842 459 975 495 Pitensi
1015 459 1123 506 (inter
1157 459 1335 496 Lofmock
1363 466 1398 496 et
1432 462 1578 497 Sedwa:
1616 462 1759 498 Smrst.

151 523 287 570 herb.),
323 519 525 557 Finmarkia
552 518 730 560 orientali,
757 518 912 554 islandia
940 518 1265 567 (Steenstrup),
1294 520 1516 556 Gronlandia
1548 521 1761 557 occidentali

152 593 264 630 usqne
290 579 335 615 ad
364 577 625 624 Holsteinborg
648 578 693 622 (J.
722 576 869 626 Vahl);
898 585 927 624 β.
956 581 1074 612 autem
1102 589 1210 625 supra
1239 579 1415 627 caespites
1443 579 1657 628 radicesque
1682 579 1761 615 her-

151 640 274 676 barum
299 643 495 678 emortuas,
530 636 619 672 alios
646 635 824 673 Lichenes
851 649 881 672 e.
911 648 939 672 s.
972 648 1004 684 p.
1033 635 1079 671 ad
1107 643 1236 672 terram
1265 637 1418 686 alpinam
1446 638 1654 687 Lapponiae
1669 639 1760 674 Tor—

150 697 268 734 nensis
295 703 330 732 et
354 696 547 733 Kemensis
572 695 697 743 (Van
709 708 759 745 g.‚
788 695 953 742 Frist.),
994 694 1238 731 Nordlandiae
1275 697 1434 743 (Smrft.
1465 697 1582 741 herb„
1607 697 1760 746 Blytt),

148 755 372 792 Finmarkiae
396 754 576 791 orientalis
604 755 715 803 (ipse)
740 759 776 791 et
802 753 1072 790 Groenlandiae
1102 754 1149 802 (J.
1179 755 1307 803 Vabl)
1334 756 1464 804 passim
1494 757 1646 805 parcius.

294 824 439 861 Formae
466 826 640 874 primariae
668 826 736 860 asci
760 830 835 860 sunt
862 824 1058 865 ventricosi,
1092 825 1339 875 paraphysibus
1377 826 1584 863 filiformibus
1614 827 1761 863 obvalla-

148 887 185 926 ti;
222 898 343 934 sporae
387 891 527 933 anguste
567 884 738 926 limbatae,
778 885 864 919 intus
903 884 1256 932 oleoso-granulosae,
1296 885 1454 927 luteolae,
1482 887 1657 928 (Low—48
1682 900 1758 921 mm.

147 945 269 992 longae
295 950 329 978 et
355 947 527 985 (hoza—26
556 956 632 977 mm.
662 943 756 978 latae.
784 964 835 969 —
862 941 1016 979 Varietas
1043 944 1097 979 vel
1124 945 1235 992 potius
1265 946 1494 981 monstrositas
1518 951 1549 991 β.
1577 947 1663 981 ascis
1680 959 1761 994 spo-

148 1005 259 1052 risque
286 1004 419 1038 omnino
449 1008 500 1037 est
542 1002 716 1044 destituta,
758 1014 822 1050 qua
851 1015 886 1037 re
915 1002 1049 1038 ulterius
1077 1003 1255 1038 affirmatur
1282 1005 1440 1039 morbosa
1467 1011 1499 1039 et
1529 1006 1660 1055 atypica
1689 1007 1761 1052 ejus

147 1069 274 1104 natura,
302 1075 386 1110 quae
415 1062 521 1109 primo
549 1062 666 1096 obtutu
693 1062 843 1109 perspici
870 1067 993 1109 potest.
1049 1061 1178 1098 Omnes
1204 1064 1303 1111 igitur
1330 1065 1544 1111 conjecturae
1570 1063 1614 1100 de
1642 1064 1708 1099 hoc
1725 1064 1762 1098 li—

148 1122 269 1164 chene,
302 1120 424 1156 ultimis
459 1119 670 1168 temporibus
697 1121 911 1168 propositae,
941 1128 1016 1155 sunt
1055 1122 1271 1169 rejiciendae,
1295 1136 1369 1157 nam
1399 1136 1474 1158 eum
1499 1124 1541 1159 ab
1568 1124 1613 1159 A.
1642 1137 1761 1158 verru—

146 1195 223 1216 cosa
249 1182 411 1229 originem
439 1179 563 1214 ducere
593 1181 813 1215 certissimum
853 1186 914 1215 est.
968 1179 1241 1217 Sommerselt
1265 1182 1351 1217 hanc
1378 1183 1516 1218 formam
1545 1196 1620 1218 cum
1647 1183 1760 1218 Leca—

146 1254 231 1276 nora
260 1248 419 1276 tartarea
443 1256 467 1285 y.
491 1240 661 1285 gonatocle
690 1240 898 1274 commiscuit
925 1240 1010 1285 (sec.
1038 1238 1145 1287 ipsius
1171 1239 1389 1289 herbarium).

296 1310 330 1346 2.
383 1310 426 1344 A.
462 1310 621 1344 calcat-ea
658 1307 729 1357 (L.)
756 1314 786 1354 β.
816 1317 972 1344 contorta
1011 1306 1224 1355 (Hoffm.):
1268 1315 1386 1344 crusta
1415 1307 1715 1357 subcartilaginea
1739 1307 1758 1342 l.

144 1367 487 1409 tartareo-sarinosa‚
526 1367 698 1409 areolata,
727 1366 859 1402 areolis
891 1366 1165 1416 irregularibus,
1191 1366 1657 1408 albido—cinerascentibus,
1694 1365 1761 1414 hy-

145 1426 300 1476 pothallo
326 1426 466 1468 albido,
496 1425 693 1474 apotheciis
720 1425 913 1467 immersis,
944 1425 1046 1462 disco
1071 1426 1226 1468 minuto,
1252 1426 1496 1476 nigrescente,
1526 1424 1761 1473 caesio-prui—

145 1499 254 1529 noso,
285 1485 447 1535 margine
473 1485 622 1534 proprio
646 1497 666 1520 a
692 1484 850 1521 thallode
867 1485 1023 1527 elevato,
1045 1485 1161 1534 primo
1178 1489 1500 1534 rugoso-crenato,
1517 1496 1607 1520 mox
1625 1483 1760 1519 discre-

147 1551 201 1586 t0;
244 1544 335 1581 ascis
374 1544 701 1586 saccato-clavatis,
741 1545 859 1593 sporis
895 1544 1037 1595 (vulgo)
1072 1544 1272 1593 quaternis,
1301 1543 1454 1594 magnis,
1484 1542 1762 1593 globoso—ellip-

145 1604 288 1641 soideis.

293 1675 388 1724 Syn.
447 1675 648 1710 Urceolaria
673 1676 885 1724 Hoffmanni
911 1675 1014 1712 Ach.
1041 1674 1141 1712 Univ.
1171 1689 1203 1724 p.
1234 1675 1319 1711 333.

297 1742 496 1778 Uro-colaria
524 1743 684 1778 calcarea
711 1749 739 1789 β.
767 1742 978 1790 Hoff'mamzi
997 1742 1099 1779 Ach.
1114 1742 1196 1792 Syn.
1210 1756 1244 1791 p.
1263 1741 1343 1777 143.
1360 1763 1404 1769 -—
1420 1741 1605 1778 Lecanora
1620 1739 1647 1776 S
1658 1740 1734 1776 mrs
1740 1746 1760 1774 t.

196 1801 315 1851 Suppl.
344 1816 376 1850 p.
408 1801 489 1837 102.

289 1876 471 1911 Par-melia
498 1876 658 1911 calcarea
685 1875 750 1911 Fr.
779 1874 820 1911 L.
837 1875 879 1912 E.
906 1890 939 1924 p.
969 1875 1039 1911 188
1067 1878 1172 1925 (p.p.)

295 1946 493 1983 Urceolarz'a
521 1947 680 1982 calcarea
705 1954 736 1994 β.
766 1956 922 1983 contorta
950 1946 1121 1983 Schaer.
1150 1947 1271 1984 Enum.
1301 1961 1334 1996 p.
1359 1947 1417 1983 91.
1444 1969 1492 1974 -
1510 1945 1762 1994 Pachyospora

195 2004 322 2042 Mass.
349 2005 446 2042 Rich.
478 2020 510 2055 p.
539 2006 594 2041 43.
625 2029 669 2034 —
699 2007 872 2056 Aspicilz'a
899 2006 1052 2043 Koerb.
1078 2007 1141 2056 Pg.
1172 2021 1205 2056 p.
1235 2006 1293 2042 95.

293 2082 386 2118 Exs.
417 2082 596 2119 Schaer.
628 2098 658 2118 n.
691 2083 770 2118 131.
803 2105 847 2111 ——
876 2083 914 2119 L.
941 2083 999 2119 Su.
1024 2098 1054 2119 n.
1081 2083 1164 2119 396.

293 2157 333 2193 ln
360 2158 569 2207 regionibus
595 2158 735 2205 arcticis
761 2171 858 2199 rara,
886 2164 924 2195 ut
947 2158 1106 2200 videtur,
1135 2156 1294 2206 species,
1320 2154 1494 2191 hactenus
1520 2163 1629 2200 parce
1648 2149 1761 2186 modo

148 2216 239 2252 lecta
290 2216 325 2252 in
369 2216 548 2253 Saltdalen
578 2217 838 2261 Nordlandiae‚
867 2218 1055 2267 Lapponia
1091 2215 1269 2252 Kemensi
1319 2211 1608 2261 (verosimiliter:
1663 2208 1763 2245 herb.

149 2274 238 2311 Mus.
278 2275 306 2311 F
309 2281 421 2322 enn.)‚
448 2288 563 2324 prope
590 2278 845 2314 Mortensnaes
869 2276 1097 2313 Finmarkiae
1123 2273 1305 2312 orientalis
1331 2277 1366 2309 et
1392 2271 1438 2308 ad
1470 2268 1760 2306 Tunnudliorbik

147 2334 423 2371 Groenlandiae.

295 2402 436 2451 Species
464 2405 505 2439 ab
543 2404 586 2439 A.
612 2410 745 2440 cinerea
775 2412 866 2441 certe
894 2404 1060 2446 distincta,
1089 2403 1250 2452 quidquid
1278 2408 1392 2438 contra
1422 2400 1499 2436 dicit
1528 2398 1579 2434 Cl.
1607 2397 1761 2448 Nylan-

152 2460 237 2500 der}
264 2475 373 2510 neque
400 2465 515 2498 mirum
543 2470 611 2504 est,
637 2465 724 2499 illum
752 2465 813 2500 lias
839 2466 1064 2512 conjungere,
1090 2465 1145 2512 qui
1171 2463 1235 2498 ’'L.
1264 2459 1485 2509 chalybaeam
1509 2461 1539 2494 in
1568 2459 1762 2493 calc-aream

150 2521 285 2555 transire
325 2520 419 2556 facile
457 2521 628 2557 erederet''
655 2524 806 2571 (species
834 2529 981 2563 crustae,
1008 2536 1184 2571 sporarum
1212 2527 1274 2557 etc.
1301 2520 1413 2556 indole
1442 2519 1701 2566 diversissimas)
1729 2523 1761 2552 et

150 2579 205 2625 qui
233 2579 295 2614 sub
323 2593 380 2615 sua
406 2579 588 2615 Lecanora
612 2580 795 2626 subfusca,
821 2582 971 2617 Lecz'dea
994 2582 1141 2623 vernali,
1169 2580 1308 2621 luteola,
1317 2591 1525 2627 paramenta,
1550 2577 1762 2611 Verrucarm

152 2643 303 2685 rupestrz'
342 2645 375 2673 et
415 2639 597 2675 chlorotica
636 2641 773 2688 aliisque
816 2641 929 2677 similia
963 2647 1062 2688 atque
1091 2640 1302 2675 dissimillima
1333 2642 1526 2677 coacervat,
1557 2641 1652 2670 notas
1680 2648 1760 2669 con-
