2379 3188
1615 283 1698 323 149

143 396 318 436 arenosis,
354 393 486 441 optima
513 391 557 427 ad
588 391 691 427 litora
719 389 855 425 marina
880 387 1142 429 Nordlandiae,
1168 387 1395 423 Finmarkiae
1423 392 1456 423 et
1486 388 1753 423 Groenlandiae

142 454 281 503 passim.

286 518 363 554 Var.
394 524 422 563 β.
454 523 545 552 certe
579 517 654 551 loco
690 515 859 552 habitandi
889 515 1023 550 diverso
1052 521 1122 549 orta
1152 520 1203 549 est
1230 512 1410 562 (Upsnliae
1436 526 1572 561 quoque
1600 513 1694 548 adest
1721 516 1751 549 in

139 578 314 627 paludibus
352 576 631 625 Norbyensibus)
665 582 698 610 et
732 577 863 611 minime
899 575 1016 622 digna,
1043 587 1129 622 quae
1156 586 1218 621 pro
1250 573 1400 607 distincta
1429 574 1543 619 specie
1571 579 1755 613 censeatur,

138 644 172 672 ut
198 637 266 672 vult
291 637 330 670 cl.
359 634 583 684 Nylander
610 633 734 682 (Herb.
764 634 856 670 Mus.
882 633 990 669 Fenn.
1021 647 1053 681 p.
1084 633 1159 679 82).
1216 631 1392 666 Transitus
1419 630 1591 666 evidentes
1615 644 1680 665 non
1696 631 1755 666 de-

139 702 221 731 sunt.
276 693 312 729 In
349 701 488 742 utraque
525 693 628 728 forma
664 694 872 729 inveniuntur
906 694 974 728 asci
1007 691 1195 741 cylindriei,
1223 691 1435 740 paraphyses
1467 690 1650 737 capillares,
1675 691 1754 725 sub—

139 754 367 795 cohaerentes,
398 754 493 801 apice
520 752 757 795 suscesceutes,
787 765 908 801 sporae
934 757 1127 800 quaternae,
1153 765 1215 786 una
1244 751 1329 786 serie
1358 749 1550 796 dispositae,
1570 749 1755 784 biscoctae-

138 813 259 849 formes
297 819 330 848 et
364 812 474 848 medio
512 812 626 846 leviter
662 813 871 853 constrictae,
906 810 1027 852 fuscae,
1069 811 1244 851 Omni—52
1274 823 1349 843 mm.
1379 809 1499 856 longae
1522 814 1555 843 et
1580 808 1753 849 Qum-28

138 885 212 907 mm.
242 871 336 906 latae.

671 977 796 1017 Fam.
827 977 897 1019 IV.
956 977 1251 1017 PAnmnmm.

290 1054 435 1091 Thallus
476 1053 671 1089 frondosus
713 1053 750 1103 (l.
791 1054 905 1090 rarius
937 1053 1243 1100 subcrustaceus)‚
1273 1052 1410 1088 matrici
1436 1051 1573 1088 fibrinis
1600 1051 1753 1088 adfixus.

139 1113 340 1163 Apothecia
366 1112 679 1155 scutellaeformia,
709 1126 729 1149 a
756 1112 863 1149 thallo
890 1113 1095 1163 marginata.
1149 1112 1282 1148 Discus
1310 1111 1471 1160 primitus
1501 1110 1652 1147 clausus.

704 1232 769 1274 12.
826 1233 958 1275 Ste'ela
996 1235 1026 1275 S
1037 1247 1056 1274 c
1066 1234 1121 1274 hr
1131 1233 1198 1274 eb.

286 1304 433 1342 Thallus
469 1305 659 1347 foliaceus,
693 1318 893 1355 expansus,
932 1305 1060 1342 subtus
1094 1305 1257 1346 villosus;
1290 1304 1478 1353 apothecia
1510 1303 1755 1341 scutellaefor-

140 1365 224 1407 mia,
253 1364 423 1413 excipulo
451 1363 607 1401 thallode
635 1365 779 1414 saepius
807 1365 1044 1406 decorticato,
1073 1364 1199 1400 subtus
1223 1363 1632 1412 libero;hypothecium
1647 1369 1756 1400 strato

137 1423 325 1461 medullari
363 1423 583 1472 impositum:
623 1437 752 1474 sporae
795 1423 1002 1460 fusiformes
1038 1423 1058 1460 l.
1096 1422 1378 1465 subaciculares,
1416 1422 1669 1465 2—4blastae‚
1706 1423 1757 1459 in-

139 1483 332 1519 coloratae.

289 1551 305 1566 *
323 1549 429 1586 thallo
456 1550 715 1594 adscendente,
744 1565 764 1587 a
790 1551 937 1587 matrice
964 1550 1167 1591 subhbero,
1198 1548 1325 1585 subtus
1353 1548 1500 1584 maculis
1526 1549 1632 1585 nudis
1667 1549 1754 1585 albi-

138 1609 194 1645 dis
218 1609 400 1645 instructo.
457 1611 587 1658 (Stieta
615 1612 778 1653 DNtrs,
806 1609 918 1659 Nyl.)

297 1679 326 1712 1.
382 1678 434 1713 St.
457 1680 685 1727 pulmonariae
713 1680 802 1728 (L.):
831 1676 939 1714 thallo
967 1677 1155 1717 coriaceo,
1183 1675 1580 1717 lacunoso-reticulato‚
1605 1676 1755 1725 profun-

139 1735 186 1772 de
220 1736 560 1780 sinuato-laciniam,
597 1738 731 1775 laciniis
758 1737 949 1786 elongatis,
979 1735 1308 1776 retuso-truncatis,
1337 1733 1486 1771 humido
1518 1735 1610 1771 laete
1635 1735 1756 1777 viridi,

137 1795 235 1831 sicco
270 1795 506 1839 suhcervino,
539 1797 693 1834 sorediis
722 1796 860 1847 pallidis
885 1796 994 1846 vulgo
1024 1800 1257 1844 exasperato;
1285 1793 1483 1843 apotheciis
1510 1794 1757 1844 submargina-

140 1854 248 1897 libus,
277 1853 498 1891 rufo-fuscis.

292 1921 390 1972 Syn.
442 1923 572 1958 Lichen
608 1925 716 1971 soliis
766 1923 915 1971 oblongis
962 1924 1095 1965 divisis,
1137 1924 1321 1972 superficie
1359 1922 1543 1958 reticulata
1579 1930 1757 1971 punctam

190 1981 307 2017 Linn.
336 1981 445 2030 Lapp.
476 1997 506 2018 n.
536 1983 618 2018 444.

289 2050 403 2085 Sticta
428 2051 659 2099 pulmonacea
692 2050 793 2087 Ach.
822 2050 922 2086 Univ.
952 2065 985 2099 p.
1013 2050 1104 2093 449,
1131 2050 1210 2100 Syn.
1239 2064 1271 2099 p.
1302 2049 1392 2091 233,
1425 2048 1489 2084 Fr.
1516 2047 1556 2083 L.
1584 2048 1625 2084 E.
1653 2063 1685 2097 p.
1712 2048 1758 2084 53

190 2109 278 2155 (incl.
307 2111 427 2157 sequ).

292 2176 421 2211 Lichen
443 2177 687 2225 pulmonarius
714 2176 865 2225 Wnbg.
900 2175 1010 2225 Lapp.
1037 2191 1070 2225 p.
1098 2175 1181 2210 432.
1210 2197 1260 2203 --
1287 2175 1401 2211 Sticta
1428 2173 1599 2210 Schaer.
1638 2173 1758 2210 Enuni.

192 2248 223 2281 p.
248 2233 314 2276 30,
337 2234 464 2271 Mass.
491 2235 597 2272 Mem.
629 2250 660 2285 p.
687 2236 751 2278 28,
777 2235 931 2271 Koerb.
962 2235 1052 2285 Syst.
1081 2248 1113 2282 p.
1139 2234 1196 2271 67.

289 2303 386 2341 Exs.
441 2305 481 2341 L.
514 2305 571 2342 Su.
600 2321 630 2342 n.
661 2306 717 2343 77.
748 2329 793 2334 -
823 2305 962 2341 Smrft.
993 2320 1022 2340 n.
1056 2305 1134 2340 151.
1163 2327 1212 2332 —
1240 2303 1379 2340 Stenh.
1412 2318 1442 2338 n.
1474 2303 1528 2338 10.

288 2376 349 2412 Ad
375 2382 521 2413 truncos
549 2378 719 2414 arborum
747 2378 1003 2415 frondosarum
1030 2378 1212 2427 (Betulae,
1240 2377 1384 2427 Populi,
1413 2377 1537 2414 Saliois
1559 2377 1758 2425 Capraeae)

144 2433 178 2468 in
206 2434 354 2484 regione
380 2435 590 2484 inferalpina
619 2438 827 2486 Lapponiae
854 2437 1171 2487 Nordlandiaeque
1198 2437 1443 2474 meridionalis
1458 2441 1493 2472 et
1503 2438 1609 2484 juxta
1623 2436 1757 2472 flumen

146 2490 351 2543 Rotschuga
378 2498 495 2530 terrae
523 2497 804 2543 Samojedorum
833 2498 1014 2546 (Rupr.),
1043 2497 1179 2533 fructus
1205 2497 1348 2545 parcius
1377 2495 1567 2545 proferens
1583 2497 1622 2543 ¹).

232 2598 256 2627 1)
279 2597 342 2625 Non
376 2599 452 2626 deest
485 2600 514 2626 in
548 2600 589 2627 his
617 2601 696 2628 terris
719 2602 842 2639 plantula
864 2602 911 2630 illa
934 2601 1092 2639 parasitica,
1118 2610 1186 2638 quae
1209 2601 1352 2638 apothecia
1375 2601 1470 2627 Sta-tae
1490 2601 1669 2633 pulmonariae
1690 2597 1757 2624 infe-

152 2647 227 2671 stans
249 2654 279 2672 ea
301 2646 437 2675 difformia
459 2647 549 2675 reddit
571 2649 617 2680 (St.
640 2653 717 2684 pulm.
741 2659 795 2678 var.
816 2654 990 2685 pleurocarpa
1013 2651 1090 2678 Ach.
1113 2649 1196 2677 Univ.
1218 2658 1244 2686 p.
1268 2652 1339 2682 450,
1362 2649 1494 2677 Schaer.
1523 2647 1622 2674 Enum.
1651 2656 1675 2684 p.
1701 2650 1754 2679 30).

464 2711 478 2736 o
1514 2693 1590 2728 19b
