2379 3188
620 275 704 318 326

718 382 917 419 Differentia
941 382 1029 417 inter
1055 381 1121 417 hoc
1147 387 1180 417 et
1209 395 1358 431 sequens
1385 395 1493 430 genus
1519 384 1598 418 satis
1625 389 1677 419 est
1691 396 1930 432 vaga2sporae
1947 389 2094 419 maturae
2110 383 2198 420 Rhi-

567 456 803 493 zocarporum
834 447 910 477 sunt
937 441 1072 489 quidem
1101 441 1203 489 vulgo
1234 441 1664 491 muriformi·polyblastae,
1693 442 1754 478 sed
1781 442 1901 478 adsunt
1925 449 2033 478 tamen
2059 443 2200 484 formae,

569 517 708 552 quarum
739 515 864 550 sporae
892 506 968 536 sunt
989 501 1091 548 vulgo
1119 507 1153 536 et
1177 507 1371 536 constanter
1398 500 1573 550 dyblastae
1601 504 1668 546 (ex.
1684 515 1733 548 gr.
1757 501 1825 537 Rh.
1836 502 2066 550 geographici
2087 505 2198 548 varr.).

568 561 694 611 Negari
723 574 861 609 quoque
886 573 952 595 non
978 565 1107 608 potest,
1138 559 1226 594 haud
1259 573 1395 607 parvam
1424 561 1509 595 inter
1534 561 1710 595 Buelliam
1737 560 1932 596 atroalbam
1961 569 1993 596 et
2010 561 2201 597 Rhizocar·

564 635 636 671 prm
658 629 860 670 petraeum,
889 620 973 654 inter
1000 619 1043 653 B.
1071 617 1269 653 scabrosam
1296 622 1330 653 et
1356 618 1422 654 Rh.
1446 619 1720 669 geographiczcm
1741 626 1819 661 etc„
1847 620 1967 655 adesse
1992 621 2198 662 affinitatem,

570 693 673 729 quare
711 679 822 714 forsan
851 678 939 713 hand
975 678 1140 712 immerito
1168 678 1299 725 possint
1326 677 1409 712 baec
1434 691 1558 725 genera
1586 679 1616 713 in
1647 692 1747 713 unum
1773 679 1890 727 redigi.
1939 679 2202 715 Observandum

570 742 655 775 enim
699 744 766 778 est,
807 740 838 773 in
865 738 1008 785 anaiogo
1045 736 1272 772 Calicieorum
1300 749 1426 783 genere
1457 736 1621 785 (atyplzelio
1652 743 1828 785 utramque
1856 751 2032 786 sporarum
2060 739 2199 774 sormam

567 799 706 834 inveniri
735 798 804 843 (ex.
832 809 881 843 gr.
909 795 998 843 apud
1032 794 1069 830 C.
1096 795 1363 843 tympanellmn,
1393 796 1549 841 tigillare
1575 803 1608 831 et
1640 797 1823 844 praecipue
1848 796 1945 843 hujus
1974 811 2040 832 var.
2068 803 2098 844 β.
2127 797 2200 834 No-

570 857 722 906 tarisii).
755 877 800 883 —-
827 854 1071 902 Leciograplla
1097 853 1227 888 Mass.
1252 854 1471 903 (Lecozoma
1488 854 1626 896 Trev.‚
1650 855 1908 904 Dactylospora
1926 855 2202 905 Koe1·b.)spo-

569 919 615 953 ris
659 920 852 951 constanter
878 912 1079 948 tetrablastis
1108 912 1144 958 (Ι.
1172 913 1395 960 plejoblastis)
1423 914 1654 948 tantummodo
1682 913 1791 948 differt
1821 920 1854 949 et
1881 916 2022 951 statione
2051 917 2201 964 parasiti-

571 989 626 1017 ca;
654 976 746 1024 prior
773 979 883 1008 autem
910 980 987 1007 nota
1016 971 1135 1006 nullius
1162 977 1214 1007 est
1241 973 1416 1015 momenti,
1446 986 1546 1021 quum
1577 986 1677 1008 verae
1706 972 1869 1008 Baellme
1898 974 2024 1015 adsint,
2047 987 2133 1023 quae
2147 975 2200 1011 vei

570 1034 736 1071 interdum
769 1032 822 1067 vel
854 1036 1047 1066 constanter
1073 1043 1194 1078 sporas
1221 1031 1431 1067 tetrablastas
1468 1032 1640 1080 proferant
1676 1032 1750 1078 (cfr.
1779 1033 1894 1081 infra),
1921 1039 1955 1068 et
1985 1046 2086 1081 quum
2113 1048 2144 1070 v.
2173 1048 2202 1070 c.

569 1097 600 1130 in
629 1093 772 1139 analogo
813 1091 1008 1125 thnodinae
1043 1102 1170 1137 genere
1196 1092 1331 1138 species
1359 1091 1470 1139 sporis
1499 1090 1561 1140 dy·
1589 1097 1623 1127 et
1647 1090 1865 1128 tetra-blastis
1884 1094 2097 1128 inveniantur.
2140 1093 2203 1129 Al-

572 1161 675 1189 teram
704 1157 813 1187 autem
842 1156 954 1184 notam
979 1150 1007 1184 si
1035 1150 1249 1197 respicimus,
1276 1156 1399 1185 tantum
1427 1151 1539 1192 abest,
1556 1157 1590 1185 nt
1614 1157 1770 1186 auctores
1794 1152 1889 1199 sequi
1917 1153 2033 1194 velim,
2055 1153 2110 1201 qui
2129 1166 2202 1188 eam

571 1213 678 1249 solam
708 1211 753 1245 ob
779 1222 933 1244 caussam
959 1209 1065 1243 tribus
1103 1209 1342 1257 sectionesque
1372 1209 1534 1248 condant,
1563 1216 1598 1245 ut
1621 1224 1664 1246 ne
1689 1210 1730 1245 ad
1757 1212 1948 1257 genericam
1978 1211 2113 1260 quidem
2141 1211 2203 1247 dif-

570 1272 741 1308 ferentiam
768 1282 840 1304 eam
870 1268 1024 1303 sufficere
1052 1267 1258 1303 contendere
1285 1269 1400 1304 ausim.
1453 1268 1544 1304 Inter
1571 1283 1724 1317 magnam
1755 1270 1986 1318 exemplorum
2014 1272 2146 1319 copiam
2169 1273 2202 1306 in

567 1331 766 1366 memoriam
792 1333 917 1362 tantum
946 1327 1043 1362 liceat
1066 1340 1229 1363 revocare
1261 1327 1464 1377 Cyphellnm
1491 1329 1723 1375 stigonellum,
1741 1328 1924 1364 Lecideam
1938 1330 2201 1373 vitellinariam,

570 1389 745 1425 Buellz'am
773 1386 996 1435 talcophilam
1024 1391 1057 1421 et
1084 1384 1223 1422 badjam
1249 1401 1333 1430 var.‚
1366 1387 1536 1424 Calicium
1556 1393 1744 1437 paroiczcm
1771 1393 1804 1423 et
1831 1392 1996 1424 citrinum
2025 1395 2088 1425 etc.

771 1460 786 1475 ⁴*
817 1458 1098 1494 Glaucescentes.

726 1547 755 1580 1.
785 1545 828 1579 B.
855 1557 1049 1593 parasema
1076 1541 1237 1591 (Ach.):
1266 1547 1385 1579 crusta
1412 1541 1779 1585 submembranacea,
1811 1543 2002 1594 laevigata,
2031 1543 2151 1581 albida
2180 1544 2201 1581 l.

573 1605 838 1644 cinerascente,
880 1602 1093 1651 hypothallo
1131 1602 1236 1651 nigro
1263 1601 1495 1645 sublimitata3
1521 1601 1721 1650 apotheciis
1748 1603 1974 1650 maiusculis,
1999 1603 2202 1651 sessilibus,

572 1663 674 1699 disco
704 1661 892 1703 atem-imo,
920 1662 1036 1703 nudo,
1066 1661 1292 1710 planiusculo
1320 1661 1354 1707 tl.
1380 1660 1507 1697 leviter
1534 1666 1739 1709 convexo),
1757 1662 1919 1712 margine
1935 1662 2034 1699 tenui
2050 1662 2205 1712 subper-

571 1723 735 1763 sistente;
762 1720 880 1769 sporis
909 1720 1156 1756 mediocribus
1180 1721 1201 1757 l.
1231 1720 1457 1768 majusculis,
1485 1719 1673 1769 dyblastis.

723 1791 822 1841 Syn.
864 1792 1011 1826 Lecidea
1043 1805 1235 1840 parasema
1261 1809 1289 1827 α.
1318 1791 1422 1827 Ach.
1459 1790 1558 1827 Univ.
1597 1805 1629 1839 p.
1676 1790 1755 1833 175,
1783 1789 1868 1840 Syn.
1896 1805 1928 1840 p.
1960 1790 2015 1832 17,
2045 1789 2202 1840 Wnbg.

624 1852 733 1901 Lapp.
761 1865 793 1899 p.
828 1851 913 1892 469,
938 1850 1005 1885 Fr.
1034 1849 1075 1887 L.
1103 1850 1143 1886 E.
1171 1866 1204 1900 p.
1235 1850 1308 1887 330
1334 1853 1383 1900 (p.
1399 1853 1463 1899 p.).
1498 1871 1544 1877 —
1573 1851 1713 1886 Buellicz
1738 1850 1897 1885 Koerb.
1920 1849 2012 1900 Syst.
2038 1864 2067 1900 p.
2099 1849 2179 1885 134.

725 1918 876 1954 Lecidea
902 1918 1132 1953 elaeoclzroma
1158 1926 1187 1965 β.
1213 1919 1370 1955 aclzrista
1395 1918 1536 1955 Smrst.
1565 1918 1685 1967 Suppl.
1716 1932 1747 1967 p.
1780 1917 1850 1953 150
1878 1927 1923 1967 (p.
1947 1920 2007 1967 p.).

726 1985 878 2021 Lea-idea
909 1994 1089 2034 punctam
1129 1985 1304 2023 Schaer.
1332 1987 1454 2023 Enum.
1480 2002 1512 2037 p.
1543 1986 1613 2022 128
1640 1989 1688 2036 (p.
1717 1990 1774 2036 p.).
1822 2007 1867 2013 —
1900 1985 2045 2021 Buellia
2072 1983 2204 2020 Mass.

624 2046 721 2082 Rich.
752 2059 782 2094 p.
811 2045 870 2080 81.

723 2113 873 2148 Lecz'dea
897 2111 1111 2158 disc-{formis
1136 2109 1231 2160 Nyl.
1260 2111 1355 2147 Lich.
1385 2111 1499 2147 Holm.
1529 2127 1560 2162 p.
1592 2112 1673 2154 175‚
1700 2111 1824 2147 Prodr.
1852 2126 1884 2161 p.
1919 2112 1999 2148 150.

724 2180 821 2216 Exs.
851 2178 890 2214 L.
918 2177 979 2214 Su.
1008 2192 1039 2214 n.
1064 2178 1149 2214 215.
1179 2199 1224 2205 ——
1256 2178 1427 2214 Schaer.
1455 2194 1485 2214 n.
1518 2180 1599 2215 197.
1625 2201 1676 2207 —
1703 2179 1845 2215 Sint-st.
1875 2194 1904 2215 n.
1930 2180 1988 2214 48.

725 2246 763 2287 β.
781 2248 925 2295 fluvida
952 2246 1035 2282 Fu:
1063 2249 1183 2282 crusta
1209 2244 1577 2288 submembranacea,
1605 2246 1797 2296 laevigata,
1828 2246 2058 2282 flavescente.

723 2313 822 2364 Syn.
850 2314 1001 2349 Lecidea
1022 2327 1216 2363 parasema
1242 2321 1270 2360 β.
1299 2315 1530 2349 elaeodes-mna
1557 2313 1712 2362 Wnbg.
1741 2313 1850 2363 Lapp.
1876 2328 1907 2363 p.
1934 2314 2018 2349 469.

721 2400 747 2428 y.
777 2383 972 2430 saepincola
999 2381 1041 2428 (S
1052 2379 1192 2426 mrft.):
1221 2386 1340 2417 crusta
1367 2379 1743 2431 gleboso-granulatm
1762 2380 1852 2416 flava
1868 2379 1888 2416 l.
1904 2380 2201 2416 flavo-virescen-

573 2445 623 2483 te;
648 2440 846 2489 apotheciis
873 2440 1020 2476 demum
1049 2439 1226 2476 convexis
1253 2439 1595 2490 imniarginatisque.

727 2509 820 2559 Syn.
848 2509 996 2544 Lecidea
1022 2509 1217 2558 saepincola
1244 2507 1271 2543 S
1283 2509 1384 2544 mrst.
1412 2507 1530 2558 Suppl.
1546 2522 1579 2557 p.
1609 2507 1678 2544 157
1695 2508 1731 2556 1)
1758 2508 1838 2554 (non
1855 2505 1957 2541 Ach.
1977 2505 2061 2556 Syn.
2078 2520 2112 2555 p.
2129 2506 2203 2554 35).

660 2617 682 2646 1)
706 2614 797 2651 Lapsu
831 2613 951 2650 quodam
976 2613 1003 2641 in
1028 2612 1103 2641 herb.
1125 2612 1241 2640 Smrft.
1275 2613 1434 2640 immixtum
1458 2611 1536 2640 adest
1559 2621 1644 2640 unum
1668 2611 1807 2650 specimen
1831 2611 1936 2639 formae
1961 2611 2079 2638 Lecideae
2107 2617 2204 2639 emero-

571 2667 656 2690 leucae
678 2673 740 2691 cum
764 2662 950 2700 descriptione
974 2662 1049 2691 '’Lec.
1071 2661 1252 2697 saepincolae¹’
1275 2671 1372 2700 parum
1396 2671 1560 2698 congruens.
