2379 3188
1621 267 1701 309 167

152 380 278 420 attinet,
301 391 365 412 non
393 376 500 412 solum
540 376 734 410 auctoritate
774 373 858 410 Celzi
897 373 1191 420 MassalongO,
1218 372 1280 408 sed
1307 374 1403 408 etiam
1430 373 1502 421 ipsa
1529 381 1643 409 natura
1662 376 1757 410 nitor.

150 437 213 473 Est
249 436 379 484 quidem
419 435 543 468 illarum
585 433 702 468 thallus
734 446 826 468 mere
861 432 1036 474 soliaceus‚
1070 432 1188 467 horum
1213 439 1428 473 crustaceus,
1456 432 1517 467 sed
1543 433 1758 468 differentiam

150 507 361 544 permagnam
395 494 478 527 inter
503 492 565 527 hos
591 505 657 526 non
684 491 823 533 adesse,
850 491 911 526 sed
937 504 997 526 eos
1024 492 1147 526 sensim
1175 491 1238 526 sibi
1266 491 1407 526 invicem
1436 493 1604 533 connecti,
1633 493 1760 526 unicui-

148 567 212 602 que
236 552 464 598 Lichenologo
490 552 544 586 vix
569 550 670 585 dubie
699 551 847 598 perbene
874 551 1043 597 cognitum
1071 556 1132 586 est.
1192 548 1282 585 Inter
1312 550 1474 598 permulta
1502 550 1600 597 hujus
1627 551 1674 585 rei
1701 563 1759 584 ex-

147 612 255 660 empla
283 611 313 646 h.
340 611 359 645 l.
389 610 503 645 afferre
538 609 766 644 tantummodo
803 609 894 644 lubet
923 608 1115 657 Physciam
1141 609 1327 650 stellarem,
1355 611 1450 657 cujus
1476 609 1578 644 forma
1607 610 1639 643 in
1668 610 1755 644 saxis

149 671 244 705 obvia
273 670 506 705 subcrustacea
523 682 584 717 pro
598 669 765 704 Placodio
792 673 896 703 inciso
923 666 987 703 Fr.
1023 668 1106 703 salse
1130 667 1241 704 habita
1266 674 1319 704 est
1337 668 1410 715 (cl'r.
1438 667 1510 704 Th.
1540 667 1605 704 Fr.
1632 669 1663 702 in
1680 666 1758 703 Vet.

146 729 211 765 Ak.
246 728 349 764 Forh.
391 727 487 762 1856
518 741 550 775 p.
584 727 682 776 125).
733 726 823 763 Inter
848 727 1083 762 Xantlmriam
1103 733 1321 776 parietinam
1345 735 1378 764 et
1404 728 1590 774 elegantem
1617 728 1756 773 (formas

149 790 272 836 optime
298 787 463 835 evolutas)
491 787 587 821 etiam
614 788 669 822 vix
692 788 797 833 major
824 786 920 822 adest
948 786 1129 822 differentia
1156 800 1254 835 quam
1281 788 1366 823 inter
1389 788 1607 824 Parmeliam
1626 786 1759 836 physo-

145 849 217 884 dem
244 853 277 883 et
301 854 513 886 encaustum,
538 845 789 881 Fablmzensem
817 852 849 881 et
875 846 1073 894 alpicolam,
1098 845 1290 894 Physciam
1306 848 1586 895 pulverulentam
1617 853 1649 882 et
1680 859 1755 880 cae-

145 912 230 942 siam
259 920 287 942 e.
304 920 328 941 s.
343 919 376 953 p.
398 926 443 931 —
471 903 714 940 Candelariam
741 903 846 941 Mass.
874 911 982 940 autem
1011 906 1038 940 si
1062 907 1127 953 jam
1152 907 1366 954 respicimus,
1392 907 1487 942 facile
1514 907 1677 947 videmus,
1692 904 1759 939 hoc

144 979 249 1014 genus
275 965 406 1013 species
434 964 586 1012 amplecti
613 970 690 999 nota
713 965 808 999 nimis
836 965 944 1000 subtili
972 971 1005 1000 et
1031 979 1115 1014 vaga
1142 966 1245 1012 (ascis
1273 966 1485 1015 polysporis)
1513 965 1712 1001 recedentes
1726 969 1759 998 et

146 1025 296 1060 omnibus
330 1029 500 1072 praeterea
533 1024 682 1072 partibus
711 1024 921 1072 gravioribus
950 1030 1185 1072 congruentes.
1239 1024 1315 1061 Alia
1345 1026 1430 1060 enim
1454 1025 1542 1060 haud
1568 1038 1643 1060 raro
1665 1025 1757 1058 inve-

145 1085 273 1119 niuntur
304 1084 524 1118 recentiorum
557 1095 699 1130 genera,
731 1096 872 1131 quorum
911 1085 1044 1133 species
1074 1085 1159 1119 ascis
1187 1084 1379 1134 polysporis
1406 1098 1423 1119 a
1451 1085 1572 1120 ceteris
1600 1084 1758 1119 aberran-

143 1148 192 1177 tes
218 1141 335 1176 adsunt
367 1154 417 1176 ex.
453 1154 502 1189 gr.
534 1141 716 1176 Lecanora
747 1143 967 1191 scrupulosa,
999 1143 1154 1177 Lecam‘a
1170 1144 1346 1190 fnscellcc,
1369 1143 1545 1179 Rinodina
1564 1143 1758 1192 polysporcc

144 1208 351 1248 ceteraeque.
402 1198 584 1236 Praeterea
616 1201 861 1237 Candelariam
885 1199 1007 1237 Mass.
1037 1203 1121 1237 inter
1148 1202 1401 1238 Lecmzorz'neas
1427 1204 1543 1248 (thallo
1582 1208 1757 1237 crustaceo

144 1260 312 1307 uniformi)
349 1260 525 1295 collocavit
566 1260 700 1308 quidem
742 1259 814 1296 Cel.
847 1260 1056 1303 Koerber,
1091 1262 1153 1297 sed
1187 1263 1374 1311 specierum
1401 1264 1526 1312 optime
1549 1262 1756 1297 evolutarum

142 1318 199 1361 (C.
226 1318 381 1364 vulgaris
415 1317 527 1361 Mass„
547 1318 705 1367 fibrosae
731 1319 790 1355 Fr.
817 1333 846 1355 e.
874 1334 900 1355 s.
927 1322 978 1368 p.)
1006 1320 1124 1355 thallus
1150 1322 1262 1370 potius
1290 1328 1341 1356 est
1367 1321 1527 1356 soliaceus
1555 1327 1758 1356 ceterarum-

144 1390 208 1426 que
245 1377 608 1414 laciniato-crustaceus
639 1381 680 1428 ¹),
726 1392 828 1427 quare
876 1381 974 1415 etiam
1009 1381 1035 1415 si
1075 1379 1152 1415 huic
1188 1386 1287 1415 notae
1328 1386 1415 1415 tanta
1450 1382 1501 1416 vis
1541 1381 1757 1419 tribueretur,

146 1436 354 1473 Candelaria
387 1438 418 1472 in
454 1437 521 1472 duo
555 1451 680 1486 genera
714 1438 922 1474 dilaceranda
950 1445 1050 1474 esset.
1079 1459 1128 1466 ·-
1152 1437 1249 1477 Quae
1281 1452 1382 1487 quum
1406 1440 1449 1474 ita
1476 1441 1549 1482 sint,
1576 1439 1691 1488 generi
1715 1438 1758 1472 ita

140 1497 272 1531 limitato
293 1497 380 1531 nolui
403 1509 513 1545 neque.
539 1497 714 1545 Physciae
745 1497 819 1545 (cfr.
850 1500 967 1548 supra)
994 1512 1058 1534 nec
1084 1498 1353 1548 Amphilomatc's
1377 1497 1589 1543 (Friesius
1616 1498 1682 1533 hoc
1696 1510 1758 1532 no-

140 1556 225 1591 mine
257 1556 376 1590 nullam
402 1555 467 1590 huc
498 1558 717 1605 pertinentem
747 1558 896 1606 speciem
932 1558 1135 1606 designavit)
1164 1571 1275 1606 neque
1314 1558 1544 1594 Candelariae
1570 1559 1648 1608 (pro
1677 1557 1757 1592 sub-

141 1614 300 1649 divisione
341 1614 546 1664 retinendae)
582 1629 703 1651 nomen
741 1616 918 1659 adhibere,
946 1617 1007 1652 sed
1033 1617 1335 1653 denominationem
1363 1617 1583 1653 Ismzthoriae
1605 1617 1686 1664 (Fr.
1716 1614 1755 1651 S.

143 1672 186 1708 O.
216 1671 257 1707 V.
282 1687 313 1722 p.
342 1673 429 1721 243)
456 1676 596 1715 restitui,
627 1675 818 1711 Par-meltis
847 1676 1044 1711 adtributam
1080 1676 1198 1712 ''thallo
1232 1678 1572 1719 submembranaceo‚
1598 1676 1757 1717 foliaceo,

141 1732 388 1781 apotheciorum
414 1733 506 1769 disco
532 1736 621 1769 tenui
633 1734 754 1781 flavo*
780 1736 800 1770 i.
829 1748 857 1770 e.
886 1735 928 1770 ad
950 1749 1047 1771 unam
1079 1736 1147 1771 fere
1175 1737 1328 1772 omnibus
1350 1737 1415 1772 huc
1433 1737 1544 1772 relatis
1565 1736 1754 1786 speciebus.

140 1813 185 1818 --
225 1790 308 1826 Aliis
353 1791 445 1826 aliam
486 1792 574 1828 haud
608 1793 709 1829 dubie
741 1794 870 1842 ingredi
897 1797 983 1830 viam
1012 1796 1139 1845 placet,
1166 1807 1242 1831 mea
1274 1797 1463 1845 subgenera
1487 1810 1548 1846 pro
1576 1795 1756 1844 generibus

140 1850 352 1893 habentibus,
379 1864 476 1899 quam
501 1858 611 1889 tamen
635 1866 738 1889 reme
754 1853 885 1889 diversa
908 1856 1170 1904 uniuscujusque
1194 1857 1339 1892 auctoris
1363 1855 1497 1892 videndi
1529 1857 1655 1892 ratione
1673 1868 1755 1904 pen-

140 1909 218 1945 dere
246 1923 385 1945 necesse
412 1916 472 1946 est.

286 1995 301 2011 ⁴
320 1995 421 2032 Ascis
450 1999 640 2047 octosporis
664 1999 836 2049 (Physcia
865 1998 987 2036 Mass.
1016 1999 1120 2037 Mem.
1144 2001 1246 2045 Lieh„
1273 2016 1339 2038 non
1366 2001 1491 2050 Rich).

335 2096 362 2118 a.
412 2083 511 2118 {hallo
537 2083 680 2120 foliaceo
706 2086 879 2134 (Physcia
904 2087 1089 2137 Koerb.).

291 2186 320 2219 1.
372 2187 418 2221 X.
439 2193 619 2236 parietina
655 2189 728 2239 (L.)
754 2188 792 2231 e.
820 2192 962 2227 aureola
987 2190 1144 2240 (Ach.):
1176 2190 1282 2228 thallo
1306 2193 1604 2238 membranaceo,
1631 2195 1754 2232 imbri-

141 2241 375 2285 cato-lobato,
412 2244 638 2283 subzonatim
674 2248 892 2299 centrifugo,
926 2250 1233 2294 aureo-vitellino,
1266 2251 1361 2288 lobis
1391 2253 1751 2292 rotundato-Iobatis.

141 2298 291 2347 plicatis,
319 2301 517 2350 adpressis;
541 2305 740 2354 apotheciis
768 2308 954 2353 concavis;
981 2308 1074 2345 ascis
1100 2309 1394 2348 subventricosis.

286 2374 467 2413 Parmelia
492 2381 632 2416 aureola
661 2381 760 2418 Ach.
789 2382 889 2420 Univ.
916 2398 949 2433 p.
978 2384 1070 2429 487,
1097 2387 1177 2436 Syn.
1207 2401 1239 2436 p.
1264 2387 1348 2424 210.

286 2445 414 2482 Lichen
433 2456 634 2497 parietinas
660 2452 811 2503 Wnbg.
836 2454 948 2505 Lapp.
978 2471 1011 2507 p.
1041 2457 1124 2493 430.

243 2588 261 2620 ²)
283 2589 374 2618 Etiam
397 2592 468 2629 apud
492 2594 525 2621 X.
548 2597 685 2622 vitellinam
706 2595 784 2625 adest
806 2597 909 2626 thallus
929 2599 1131 2636 squamulosus,
1154 2600 1201 2638 qui
1222 2604 1262 2633 (ut
1284 2600 1356 2639 apud
1378 2603 1412 2630 X.
1440 2609 1582 2638 murorum)
1603 2605 1631 2634 in
1655 2606 1749 2634 formis

144 2634 334 2666 humilioribus
356 2639 484 2677 disparet.
