2379 3188
617 277 700 318 142

707 384 739 419 3.
793 384 839 420 N.
863 398 1107 435 papyraceum
1143 383 1360 431 (Hoffm.):
1386 384 1494 422 thallo
1522 385 1691 422 coi-iaceo
1718 385 1738 422 l.
1765 383 2061 426 membranaceo,
2089 383 2174 420 suli-

561 442 771 484 orbiculari‚
805 442 913 480 livido
942 444 961 480 l.
990 443 1312 479 fusco-virescente
1345 443 1365 480 l.
1396 444 1705 486 castaneo-fusco,
1740 443 1834 480 lobis
1861 443 2035 479 fertilibus
2062 443 2177 478 rimu-

560 502 805 538 loso-venosis
832 502 1073 552 glaberrimis;
1101 501 1297 550 apotheciis
1327 502 1535 539 rufo-fuscis
1562 502 1581 538 l.
1607 502 1873 548 nigricantibus.

706 568 803 618 Syn.
857 572 1036 618 Peltigera
1059 585 1263 620 papyracea
1290 571 1440 606 Hossm.
1468 570 1513 606 D.
1538 570 1591 606 Fl.
1618 570 1659 606 ΙΙ.
1690 585 1720 619 p.
1751 572 1829 606 108.

711 637 911 686 Nepleroma
942 639 1092 687 parilis,
1122 639 1296 684 laevigata
1326 645 1359 674 et
1386 639 1546 674 helvetica
1569 637 1670 674 Ach.
1706 637 1806 674 Univ.
1835 653 1867 686 p.
1898 637 2062 678 52‘2—3,
2093 636 2174 685 Syn.

638 725 645 734 .
672 696 755 732 24⁶2.

612 712 633 747 p
714 764 868 798 Peltidea
898 769 1099 812 resupinata
1124 770 1151 809 ῥ’.
1171 778 1380 812 papyrtzcea
1406 763 1557 812 Wnbg.
1583 762 1694 811 Lapp.
1725 777 1758 811 p.
1787 763 1870 798 448.

714 831 873 866 Ρείῑῖιίεα
894 832 1025 878 parilis
1049 837 1082 866 et
1109 831 1282 877 laevigata
1309 832 1358 879 (p.
1385 835 1434 880 p.)
1462 830 1597 866 Smrl't.
1622 830 1739 880 Suppl.
1765 845 1796 880 p.
1827 830 1982 866 124—5.

712 898 887 943 Peltigera
919 903 1121 946 resvpr'nata
1146 898 1261 934 b.—d.
1278 898 1352 947 Fr.
1379 898 1416 934 L.
1443 898 1484 934 E.
1506 914 1537 948 p.
1565 897 1622 933 42.

708 965 906 1013 Neplzsoma
931 971 1169 1013 resupinatum
1193 972 1237 1011 fi„
1262 969 1288 1001 δ.
1316 973 1347 1001 et
1366 984 1388 1001 ε.
1414 965 1584 1001 Schaer.
1612 964 1733 1001 Enum.
1762 980 1793 1015 p.
1823 965 1979 999 18-19,

711 1033 911 1081 lVeplzmma
936 1033 1096 1067 helvetica
1124 1040 1156 1068 et
1178 1048 1387 1082 papyracea
1415 1033 1543 1069 Mass.
1573 1032 1680 1069 Mem.
1707 1047 1738 1082 p.
1764 1032 1900 1068 23—4.

713 1100 913 1148 Nephroma
940 1101 1149 1147 laevigatam
1177 1100 1333 1137 Koerb.
1361 1100 1451 1151 Syst.
1477 1116 1509 1151 p.
1532 1101 1591 1137 55.

712 1167 807 1203 Exs.
862 1167 998 1203 Smrft.
1026 1183 1056 1203 n.
1085 1169 1241 1215 ”ML-(cfr.
1267 1169 1375 1216 infra).

713 1256 755 1301 β.
803 1260 1010 1295 εονεᾶῖαιηῃι
1037 1258 1166 1307 (Scha
1177 1263 1266 1308 er.):
1292 1259 1513 1309 marginibus
1542 1259 1684 1308 crispis,
1715 1258 1980 1308 pulverulentis.

709 1325 804 1375 Syn.
860 1327 1059 1375 Nephroma
1072 1334 1274 1376 resupinata
1287 1335 1316 1374 β.
1332 1342 1540 1377 papyracea
1561 1328 1593 1362 A
1604 1328 1661 1363 ch.
1678 1326 1777 1363 Univ.
1796 1343 1825 1377 p.
1841 1327 1931 1368 522,
1950 1326 2032 1376 Syn.
2049 1341 2079 1375 p.
2092 1326 2136 1360 ⁸24
2148 1327 2175 1361 1.

710 1395 864 1429 Peltidea
888 1396 1019 1443 parilis
1045 1403 1075 1442 β.
1097 1410 1307 1444 papyracea
1335 1395 1477 1431 Smrft.
1505 1395 1622 1444 Suppl.
1647 1410 1678 1445 p.
1712 1396 1788 1431 124.

715 1460 809 1497 Exs.
862 1461 993 1498 Rbnh.
1020 1477 1050 1498 n.
1077 1463 1161 1499 367.

711 1562 749 1597 In
775 1562 940 1610 rupibus,
968 1562 1060 1598 inter
1085 1575 1251 1605 muscos,
1277 1562 1321 1598 ad
1350 1562 1520 1598 arborum
1550 1563 1687 1599 radices
1715 1576 1745 1599 e.
1771 1576 1797 1598 s.
1826 1576 1857 1611 p.
1892 1575 1956 1611 per
1982 1566 2090 1597 totam
2119 1574 2174 1597 re-

561 1621 709 1670 gionem
748 1621 1042 1657 Scandinavicain
1078 1627 1112 1657 et
1147 1621 1429 1658 Groenlandiam
1466 1634 1581 1671 usque
1616 1623 1661 1658 ad
1689 1621 1880 1658 Godthaab
1910 1626 1962 1656 sat
1989 1621 2174 1670 frequens:

560 1692 631 1715 var.
666 1687 694 1726 β.
731 1680 924 1728 praecipue
959 1681 992 1716 in
1023 1681 1181 1729 partibus
1212 1680 1507 1716 meridionalibus
1537 1681 1602 1717 sed
1629 1682 1733 1717 etiam
1762 1681 1796 1716 in
1814 1680 2066 1716 Groenlandia
2096 1679 2173 1728 (sin.

559 1739 760 1787 Amaralik)
785 1738 936 1775 inventa.

711 1806 845 1843 Nomen
875 1807 1163 1842 Holl'mannianum
1180 1808 1322 1848 restitui,
1342 1814 1374 1842 et
1393 1809 1466 1855 quia
1481 1809 1741 1855 antiquissimum
1764 1814 1813 1843 est
1830 1814 1859 1842 et
1876 1808 1947 1855 quia
1966 1806 2024 1842 Ac
2037 1807 2174 1841 liarius

560 1867 694 1901 nomine
731 1867 776 1901 N.
817 1867 1008 1912 laevigatus»
1040 1874 1248 1914 praesentem
1287 1868 1434 1915 speciem
1469 1868 1598 1901 minime
1627 1867 1779 1901 limitibus
1807 1868 1891 1902 veris
1917 1867 2174 1914 circumscripsit

561 1925 618 1960 sed
641 1926 670 1959 in
690 1933 757 1961 tres
789 1926 856 1971 (vel
883 1927 908 1960 si
939 1928 988 1961 vis
1017 1929 1187 1974 quattuor)
1213 1927 1345 1974 species
1364 1941 1381 1961 e
1398 1928 1562 1960 contrario
1579 1926 1696 1962 divisit.
1724 1925 1920 1974 Descriptio
1937 1925 2174 1960 Hol'l'manni

558 1984 594 2029 (l.
622 1986 668 2032 c.)
709 1992 759 2020 est
798 1986 902 2027 bona,
942 1992 973 2020 et
1016 1986 1178 2019 immerito
1213 1999 1292 2020 sane
1320 1991 1433 2020 contra
1464 1986 1549 2020 clara
1579 1986 1679 2020 verba
1708 1985 1917 2033 Acharius
1946 1986 2065 2032 aliique
2085 1984 2173 2018 illum

558 2050 738 2090 sequentes
767 2051 920 2079 auctores
949 2044 1123 2084 affirmant,
1151 2058 1225 2078 eum
1252 2044 1317 2079 hoc
1347 2046 1479 2079 nomine
1504 2045 1588 2079 illam
1617 2044 1718 2079 modo
1747 2044 1941 2092 designasse
1962 2044 2097 2079 sormam
2118 2057 2173 2078 so-

558 2102 734 2144 rediatam,
765 2104 827 2138 sub
852 2110 880 2148 ρ’.
905 2117 1004 2151 supra
1029 2110 1197 2151 receptam
1215 2105 1255 2151 ¹).
1290 2126 1321 2129 —
1357 2103 1492 2151 Optima
1521 2110 1597 2138 nota
1626 2105 1709 2138 inter
1739 2103 1821 2137 lianc
1853 2109 1885 2138 et
1915 2104 2061 2151 priorem
2096 2102 2173 2137 clia-

560 2163 760 2196 racteristica
788 2163 918 2197 minime
949 2163 1137 2210 quaerenda
1166 2169 1216 2197 est
1241 2164 1271 2197 in
1300 2164 1418 2210 pagina
1444 2163 1598 2198 inferiore
1626 2162 1710 2197 nuda
1740 2163 1758 2197 l.
1779 2169 1981 2203 tomentosa,
2002 2162 2173 2196 namhaec.

561 2220 679 2259 variat,
706 2220 765 2255 sed
790 2222 819 2255 in
850 2221 1002 2256 loborum
1028 2222 1177 2256 fertilium
1203 2221 1330 2261 indole;
1360 2224 1413 2269 qui
1438 2224 1523 2256 enirn
1548 2221 1636 2269 apud
1666 2221 1713 2256 N.
1743 2229 1962 2256 tomentosmn
1979 2227 2053 2255 sunt
2069 2221 2172 2256 dense

562 2280 737 2312 tomentosi
772 2287 805 2314 et
839 2280 965 2321 laeves,
997 2280 1085 2328 apud
1120 2280 1185 2315 hoc
1212 2287 1320 2315 autem
1348 2282 1554 2328 glaberrimi,
1580 2280 1750 2315 reticulato
1795 2281 1813 2315 l.
1849 2282 2074 2315 rimosoimmo
2117 2292 2172 2314 ve-

558 2339 786 2383 noso—rugosi.
840 2337 1019 2374 Praeterea
1050 2339 1133 2374 haec
1161 2341 1312 2387 species,
1340 2353 1424 2386 quae
1453 2339 1715 2374 distributionem
1743 2339 2005 2386 geographicam
2023 2339 2171 2374 latiorem

556 2395 724 2444 possidet,
762 2398 865 2444 magis
906 2404 956 2432 est
995 2398 1158 2432 variabilis
1199 2411 1295 2445 quam
1331 2400 1431 2445 prior,
1459 2404 1509 2438 et,
1535 2398 1562 2432 si
1589 2398 1715 2445 placet,
1742 2396 1804 2432 hae
1836 2397 1960 2432 formae
1982 2404 2116 2445 praeter
2141 2403 2170 2443 β.

557 2468 655 2503 supra
685 2455 810 2490 allatam
841 2477 886 2483 —
917 2455 1070 2504 distingui
1098 2462 1255 2504 possunt:

680 2595 703 2624 1)
727 2592 811 2620 Aliud
834 2598 952 2620 erratum
977 2593 1106 2629 permulti
1130 2592 1311 2629 Lichenologi
1332 2592 1545 2624 commiserunt,
1568 2591 1671 2619 formas
1698 2592 1786 2619 varias
1813 2591 2178 2630 sorediato-pulverulentas

551 2650 600 2679 pro
622 2642 653 2669 N.
675 2645 756 2677 parili
778 2642 855 2670 Ach.
879 2642 1023 2676 habentes,
1047 2652 1117 2680 quae
1140 2642 1277 2671 sententia
1297 2641 1480 2679 descriptione
1503 2640 1658 2669 Achai-iana
1680 2642 1794 2669 minime
1820 2641 1982 2670 affirmatur.
