2379 3188
640 244 732 285 200

737 348 833 398 Syn.
884 347 1067 383 Lecanora
1094 355 1256 381 tartarea
1284 358 1313 389 Ὺ.
1329 345 1482 392 frigida
1511 343 1611 379 Ach.
1640 342 1739 379 Univ.
1762 350 1795 379 et
1814 341 1928 392 Syml.
1945 358 1973 379 c.
2006 363 2048 368 —-
2077 342 2209 377 Lichen

636 409 794 456 Wnbg.
824 408 842 443 l.
872 421 900 443 c.
930 429 975 433 —
1005 406 1183 440 Parmelia
1207 404 1271 440 Fr.
1300 404 1337 439 L.
1365 403 1406 439 E.
1435 418 1467 452 p.
1499 403 1578 438 134.

737 480 831 515 Exs.
859 478 900 514 L.
929 477 987 513 Su.
1022 492 1052 513 n.
1081 477 1165 512 255.

741 591 767 618 y.
791 573 978 619 gonatodes
1002 569 1126 606 Aah:
1154 574 1272 604 crusta
1301 568 1499 610 ramulosa,
1526 567 1634 603 ramis
1662 566 1880 607 divaricatis,
1910 565 2090 601 torulosis.

740 644 838 694 Syn.
890 645 1072 679 Lecanora
1111 651 1271 678 tartarea
1302 640 1330 675 ὃ.
1355 640 1543 686 gonatodes
1584 638 1683 674 Aah.
1722 637 1820 673 Univ.
1855 643 1887 672 et
1919 636 1999 685 Syn.
2027 637 2056 670 ll.
2086 649 2135 670 cc.
2165 655 2210 662 ·-

638 706 771 742 Lichan
802 704 950 751 Wnbg.
977 703 996 738 Ι.
1026 716 1054 738 c.

737 796 764 827 δ.
789 792 1006 838 grmzdzssrzosa
1042 788 1164 825 Ach.:
1194 793 1312 824 crusta
1346 785 1768 835 verrucoso-granulata,
1812 785 1973 821 verrucis
2009 783 2212 833 subglobo-

591 850 657 892 sis,
696 850 839 899 glabris.

739 944 820 993 Syn.
872 943 1055 978 Lecanora
1084 949 1244 976 tartarea
1268 946 1298 986 β.
1323 939 1541 985 grandinosa
1563 936 1665 972 Ach.
1683 937 1711 971 ll.
1735 950 1793 978 cc„
1809 935 1835 971 S
1847 936 1947 971 mrst.
1965 935 2084 984 Suppl.
2103 950 2133 984 p.
2150 937 2209 974 80.

739 1057 760 1075 ε.
782 1039 1058 1087 pertusarimtdes
1102 1035 1173 1072 Th.
1211 1035 1293 1071 Fr.:
1323 1038 1441 1070 crusta
1474 1033 1606 1075 effusa,
1634 1032 1792 1068 areolata
1819 1032 1839 1067 l.
1868 1032 2214 1081 granulato-areola-

588 1105 636 1140 ta,
664 1097 744 1134 alba
776 1098 795 1133 l.
824 1096 973 1133 sordide
999 1095 1160 1136 roseola;
1189 1093 1388 1143 apotheciis
1416 1105 1586 1128 verrucas
1613 1090 2031 1141 depresso-globosas,e
2051 1090 2214 1139 pluribus

587 1157 745 1193 scutellis
774 1157 910 1192 coalitis
939 1160 1051 1197 ortas,
1080 1155 1188 1190 thallo
1211 1153 1446 1194 concolores,
1484 1151 1737 1192 formantibus,
1775 1150 1882 1187 discis
1911 1150 2068 1193 minutis,
2097 1162 2212 1199 usque

588 1216 634 1252 ad
664 1218 708 1252 10
735 1217 770 1252 in
799 1228 1015 1265 unaquaque
1040 1226 1192 1250 verruca
1218 1211 1418 1261 impressis,
1449 1211 1580 1259 pallide
1617 1209 1901 1245 luteolo-roseis.

739 1307 889 1356 Species
915 1306 951 1342 in
978 1310 1051 1341 tota
1081 1316 1174 1340 zona
1202 1303 1334 1338 arctica
1360 1302 1603 1351 vulgatissima
1627 1302 1786 1351 ideoque
1814 1303 1948 1338 eximie
1982 1302 2137 1344 varians,
2157 1302 2215 1338 ·ad

588 1381 694 1409 saxa,
732 1371 896 1407 truncos,
929 1370 1061 1401 terram
1107 1371 1139 1399 et
1175 1362 1370 1411 praecipue
1409 1374 1556 1397 muscos
1584 1362 1718 1411 vigens.
1774 1362 1858 1397 Var.
1885 1370 1913 1408 β.
1942 1362 2030 1397 locis
2058 1361 2214 1397 humidis

589 1440 698 1476 supra
742 1438 890 1462 muscos
918 1429 953 1460 et
979 1428 1140 1459 ramenta
1178 1422 1316 1470 legitur,
1343 1435 1373 1465 Ὺ.
1403 1421 1525 1456 itidem
1558 1433 1667 1470 supra
1694 1433 1840 1456 muscos
1869 1421 1957 1456 locis
1984 1420 2214 1461 siccioribus3

590 1485 617 1524 δ.
644 1492 680 1523 et
706 1505 728 1522 ε.
758 1486 915 1521 rariores
940 1488 1038 1525 sunt,
1064 1482 1121 1518 illa
1149 1482 1184 1517 in
1212 1480 1346 1517 truncis
1370 1479 1534 1528 Juniperi
1561 1480 1596 1515 in
1632 1480 1812 1515 Saltdalen
1842 1479 2084 1515 Nordlandiae
2113 1479 2214 1515 steri-

589 1548 632 1583 tis
671 1547 814 1582 inventa
849 1545 889 1591 (S
902 1543 1042 1590 1nrst.),
1068 1541 1156 1578 haec
1188 1540 1232 1577 ad
1256 1552 1430 1575 saxorum
1458 1540 1568 1575 latera
1597 1539 1807 1575 abscondita
1835 1538 1871 1574 in
1897 1538 1977 1587 alpe
2006 1538 2216 1586 Stortjeldet

590 1618 706 1655 prope
735 1605 988 1640 Mortensnaes
1015 1600 1244 1638 Finmarkiae
1273 1599 1455 1635 orientalis
1484 1599 1606 1647 (ipse).

748 1673 812 1708 Cui
842 1672 969 1720 placet,
1002 1672 1160 1718 optimam
1189 1669 1242 1703 hic
1269 1668 1376 1703 lichen
1392 1669 1533 1716 praebet
1549 1667 1762 1702 occasionem
1778 1680 1929 1714 magnam
1947 1667 2139 1700 varietatum
2156 1680 2214 1701 co-

593 1735 679 1783 piam
693 1731 932 1780 distinguendi',
949 1744 1048 1778 supra
1064 1730 1189 1769 allatae,
1207 1729 1303 1763 variis
1322 1728 1434 1762 formis
1450 1726 1667 1768 intermediis,
1682 1726 1820 1760 utl'acile
1835 1726 1969 1773 intelligi
1990 1731 2116 1773 potest,
2132 1727 2215 1760 inter

592 1808 629 1829 se
661 1795 876 1839 conjunctae,
904 1790 1052 1825 diversas
1083 1788 1169 1822 thalli
1193 1788 1315 1822 formas
1342 1792 1545 1835 proponunt.
1598 1785 1687 1820 Inter
1717 1799 1799 1833 quas
1826 1786 1966 1819 maxime
1987 1784 2215 1831 discrepantes

592 1860 668 1889 sunt
702 1856 728 1887 δ.
766 1857 798 1886 et
831 1851 1015 1898 praecipue
1046 1865 1086 1889 ε.,
1115 1860 1212 1895 quam
1248 1849 1355 1895 primo
1396 1859 1458 1894 pro
1495 1859 1580 1879 nova
1610 1845 1843 1880 Pertnsariae
1865 1845 1980 1891 specie
2007 1843 2114 1878 habui.
2168 1843 2216 1878 At

592 1920 656 1947 tam
691 1912 786 1946 locus
827 1909 942 1944 natalis
976 1907 1192 1942 absconditus
1221 1913 1252 1941 et
1281 1906 1367 1940 thalli
1398 1905 1492 1940 color
1522 1905 1576 1939 vix
1605 1904 1776 1944 normalis,
1803 1917 1900 1951 quani
1929 1916 2050 1951 sporae
2080 1904 2214 1950 saepius

591 1985 656 2006 non
683 1972 742 2005 rite
786 1969 940 2004 evolutae
984 1968 1209 2014 suspicionem
1244 1971 1434 2005 moverunt,
1475 1978 1552 1998 num
1581 1970 1757 1998 autonoma
1787 1969 1877 1998 esset
1898 1963 2039 2010 species.
2095 1960 2215 1996 Credi-

594 2031 658 2065 bile
686 2031 793 2064 visum
824 2035 890 2069 est,
920 2041 992 2062 eam
1018 2026 1113 2061 filiam
1141 2038 1217 2060 esse
1243 2025 1442 2059 Lecanorae
1469 2031 1647 2058 tartareae
1676 2037 1717 2058 ex
1744 2036 1785 2057 eo
1817 2029 1937 2063 ortam,
1966 2020 2057 2068 quod
2073 2020 2213 2068 apothe-

593 2091 640 2124 cia
683 2088 837 2136 prolisera
877 2087 1000 2134 (qualia
1045 2085 1133 2133 apud
1162 2102 1190 2118 α.
1218 2083 1380 2119 interdum
1428 2084 1652 2129 inveniuntur)
1681 2087 1861 2129 aggregata
1897 2080 2054 2127 globulos
2082 2086 2213 2115 crustae

592 2149 682 2183 tenui
711 2147 834 2182 effusae
860 2146 1036 2193 impositos
1064 2145 1215 2179 formant.
1270 2142 1368 2181 Quae
1397 2143 1544 2190 suspicio
1574 2143 1670 2176 etiam
1699 2146 1860 2175 structura
1897 2139 2213 2187 apotheciorumin-

593 2213 684 2241 terna
711 2219 785 2240 cum
814 2212 998 2240 ceterarum
1027 2204 1204 2238 formarum
1235 2208 1441 2250 congruente
1468 2201 1653 2236 affirmatur.
1708 2199 1795 2234 Sunt
1819 2200 1903 2233 enim
1927 2199 1957 2232 in
1975 2199 2128 2233 omnibus
2146 2198 2213 2232 sor-

594 2267 654 2300 mis
690 2265 792 2299 allatis
831 2265 898 2297 usci
943 2263 1231 2302 saccato-clavati,
1266 2261 1474 2309 parapliyses
1509 2260 1699 2307 capillati-es,
1727 2259 1798 2293 laxe
1828 2257 2061 2296 cohaerentes,
2090 2270 2212 2304 sporae

595 2332 753 2365 octonae,
792 2321 1008 2369 ellipsoideae
1035 2322 1054 2355 l.
1082 2321 1264 2367 oblongae,
1298 2322 1384 2354 intus
1419 2318 1772 2365 oleoso-granulosae,
1806 2316 2115 2364 luteolo-byalinae,
2144 2316 2214 2349 lim-

595 2386 702 2424 batae,
732 2384 903 2423 Oanis—51
936 2393 1012 2414 mm.
1039 2380 1158 2426 longae
1187 2386 1219 2413 et
1247 2380 1422 2419 (Lolli—2⁸
1452 2391 1528 2411 mm.
1556 2377 1649 2411 latae.

744 2441 924 2475 Leccmora
963 2438 1151 2486 pallescens
1177 2456 1201 2481 γ.
1230 2436 1400 2471 tmuiclzda
1441 2439 1490 2482 (p.
1528 2439 1577 2482 p.)
1605 2441 1637 2469 et
1664 2437 1690 2469 δ.
1723 2433 1999 2479 albofiavescens
2040 2432 2212 2468 Schaer.

597 2503 615 2536 l.
645 2516 691 2543 c.‚
715 2507 751 2535 ut
774 2506 864 2535 recte
891 2498 1083 2533 observavit
1116 2495 1187 2532 Cel.
1214 2495 1515 2541 MassalongO,
1543 2493 1585 2528 ad
1613 2493 1698 2528 hanc
1726 2493 1874 2540 speciem
1905 2493 2085 2540 pertinent:
2115 2505 2212 2526 unum

595 2567 704 2596 tamen
747 2562 796 2606 (et
839 2559 968 2592 unicum
1011 2557 1153 2603 bonum)
1180 2555 1350 2603 specimen
1377 2555 1407 2587 in
1435 2553 1577 2601 exempl.
1606 2551 1778 2587 Schaer.
1804 2553 1926 2587 exsicc.
1954 2565 1985 2586 n.
2017 2551 2090 2587 317
2117 2564 2133 2585 a
2160 2564 2212 2590 me

596 2623 668 2656 viso
697 2620 739 2654 ad
768 2619 811 2654 L.
839 2616 1042 2664 subfuscam
1066 2617 1218 2666 pertinet.
