2379 3188
1641 238 1718 278 161

160 351 435 395 Massatongo
471 347 594 394 (Mein.
628 345 720 381 Lich.
758 360 789 394 p.
825 346 899 391 33).
961 344 1089 392 Negari
1116 343 1250 391 quidem
1279 357 1344 378 non
1371 350 1503 391 potest,
1537 344 1597 379 Ph.
1628 346 1781 380 viliorem

159 414 208 457 (et
235 409 462 454 leacomelam)
491 420 507 440 a
536 407 654 441 ceteris
689 405 799 440 habitu
836 410 868 439 et
900 403 1073 438 crescendi
1113 402 1214 436 modo
1247 402 1627 442 snffruticuloso—erecto
1657 405 1782 441 discre-

160 483 255 518 pare,
281 468 341 503 sed
368 467 451 501 haec
479 472 553 499 nota
584 465 717 498 minoris
747 462 876 498 videtur
905 475 981 497 esse
1008 463 1182 503 momenti,
1209 474 1307 509 quam
1332 474 1416 509 quae.
1445 475 1553 508 genus
1577 465 1682 510 possit
1699 479 1780 499 con-

158 529 246 563 dere.
302 524 563 560 Observandum
591 525 676 557 enim
706 528 773 562 est,
801 528 936 556 stratum
965 522 1121 556 corticale
1149 523 1179 555 in
1212 522 1330 568 pagina
1360 521 1513 556 inferiore
1533 522 1630 567 buius
1650 524 1780 570 planta(¹

157 587 276 622 deesse
305 585 448 631 ideoque
475 596 584 617 verani
614 581 734 616 adesse
762 581 1011 628 oppositionem
1041 581 1252 628 paginarum,
1278 593 1340 627 qua
1369 580 1515 615 lichenes
1539 595 1629 617 mere
1649 583 1780 632 phyllo-

158 647 250 680 blasti
285 644 529 690 dignoscantur.
592 640 771 675 Praeterea
810 651 877 674 non
908 646 958 673 est
985 639 1179 680 tacendum,
1207 639 1304 685 liujus
1334 640 1464 687 plantae
1494 640 1615 676 adesse
1642 642 1779 677 formam

155 705 348 752 depressam
389 702 580 749 matricique
619 700 870 740 adhaerentem,
911 712 995 745 quae
1030 699 1164 746 quidem
1194 700 1300 733 minus
1330 700 1473 746 vulgaris
1500 706 1559 741 est,
1588 701 1647 735 sed
1673 709 1778 737 tamen

156 763 261 798 multis
291 762 481 809 regionibus
509 763 554 805 (v.
585 773 612 794 c..
649 760 743 794 terris
772 759 901 793 arcticis
931 764 963 792 et
992 758 1141 805 scopulis
1172 759 1303 792 marinis
1333 760 1430 793 maris
1460 760 1586 806 baltici)
1619 768 1669 795 est
1700 762 1780 797 sola:

156 837 197 857 ex
225 822 323 856 altera
353 826 446 869 parte
470 819 588 854 adsunt
613 818 738 852 formae
763 816 831 852 Ple.
860 817 1027 857 stellaris,
1055 815 1234 858 obscurae,
1253 818 1525 866 pulverulentam
1554 826 1686 855 mesiae
1716 828 1779 856 etc.

156 881 415 921 adscendentes,
443 891 527 927 quae
557 878 703 912 habitum
734 877 795 912 Plc.
822 878 954 911 ciliarls
980 878 1114 911 omnino
1144 891 1222 924 prae
1252 891 1288 912 se
1317 885 1436 925 gerunt
1467 892 1575 927 neque
1610 880 1781 916 characte-

157 941 245 975 ribus
274 940 345 974 ullis
373 940 414 973 ab
439 938 499 972 hac
527 938 683 984 generice
712 943 854 985 possunt
881 936 1047 984 distingui.
1102 935 1199 974 Quae
1227 950 1327 985 quum
1355 939 1394 972 ita
1427 939 1505 979 sint,
1529 953 1648 975 nomen
1665 942 1779 988 recepi

161 999 325 1046 Physcirce
349 1011 420 1033 eam
450 997 494 1031 ob
524 1009 692 1037 caussam,
723 996 814 1043 quod
839 997 903 1031 sub
933 996 999 1030 hoc
1028 997 1161 1031 nomine
1191 998 1294 1044 prima
1321 998 1392 1032 vice
1421 998 1538 1033 iisdem
1564 999 1718 1035 limitibus
1741 1015 1779 1035 ac.

156 1058 219 1092 hoc
262 1058 337 1091 loco
379 1057 442 1090 hoe
481 1069 586 1103 genus
620 1061 671 1089 est
698 1056 984 1103 circumscriptum
1011 1070 1120 1103 neque
1142 1055 1237 1090 adest
1264 1057 1322 1090 alia
1352 1057 1576 1092 denominatio
1605 1058 1679 1093 huic,
1707 1074 1778 1094 om-

154 1118 227 1151 nino
259 1129 444 1162 congruens
471 1120 603 1162 praeter
632 1114 892 1162 Auaptycltiam
923 1113 1047 1150 Blass.
1078 1114 1184 1150 Mem.
1242 1114 1345 1153 Quod
1374 1122 1480 1151 tamen
1499 1131 1618 1152 nomen
1635 1121 1776 1166 primuni

154 1190 171 1210 a
200 1175 423 1210 Koerbero
455 1178 571 1222 (quem
597 1174 627 1208 in
655 1174 816 1221 operibns
845 1174 964 1208 ultiniis
996 1181 1131 1209 secutus
1157 1181 1208 1210 est
1244 1174 1317 1210 Cel.
1349 1174 1645 1225 Massalongo)
1676 1178 1775 1214 adtri-

157 1237 268 1269 butum
292 1241 342 1269 est
369 1233 436 1269 Ph.
463 1233 578 1267 ciliarz'
605 1233 856 1280 speciebusque
882 1233 957 1268 huic
987 1235 1128 1269 maxime
1155 1234 1317 1269 affinibus.
1347 1256 1397 1262 —
1428 1234 1586 1271 Perbene
1614 1239 1694 1276 scio,
1718 1252 1778 1273 no-

153 1307 225 1328 men
271 1293 437 1340 Physcitze
470 1306 530 1340 pro
566 1293 663 1327 variis
702 1291 889 1339 iisdemque
922 1292 1156 1328 diversissimis
1184 1295 1365 1341 speciebus
1392 1296 1545 1328 usitatum
1573 1296 1690 1338 fuisse,
1718 1298 1778 1332 sed

151 1353 236 1388 idem
275 1354 407 1387 omnino
443 1352 529 1387 valet
562 1351 604 1387 de
640 1351 768 1391 Usum,
803 1351 1001 1392 Parmelia,
1049 1352 1259 1387 Verrucam'a
1289 1367 1316 1389 e.
1342 1368 1367 1388 s.
1397 1367 1446 1401 [π.
1472 1356 1641 1390 retinenda
1669 1363 1776 1392 tamen

152 1413 225 1447 mihi
267 1412 417 1446 videntur
454 1413 492 1446 iis
527 1411 663 1459 plantis,
699 1424 784 1458 quae
819 1413 923 1458 prima
952 1414 1024 1446 vice
1056 1414 1116 1447 rite
1146 1418 1178 1446 et
1210 1418 1344 1446 naturae
1372 1415 1612 1450 convenientur
1637 1417 1700 1450 sub
1728 1417 1778 1451 his

152 1473 336 1506 nominibus
373 1472 436 1506 sint
472 1472 679 1517 conjunctae.
734 1469 862 1505 Verum
892 1485 1028 1519 quoque
1057 1478 1123 1512 est,
1165 1470 1375 1506 Friesium
1412 1472 1463 1518 (S.
1501 1472 1545 1508 0.
1577 1473 1620 1509 V.
1648 1489 1679 1522 p.
1704 1475 1776 1510 ⁶24⁶.)

151 1538 182 1565 et
212 1530 249 1565 L.
281 1530 320 1564 E.
351 1544 381 1578 p.
411 1530 474 1577 76)
500 1532 632 1564 nomine
667 1529 854 1577 Physciae-
875 1544 969 1564 usum
1005 1544 1080 1566 esse
1110 1532 1339 1566 tantummodo
1369 1546 1430 1579 pro
1457 1534 1541 1567 tribu
1568 1534 1619 1567 vel
1651 1535 1776 1582 subge-

152 1604 228 1624 nere
263 1591 395 1635 generis
427 1591 475 1624 sui
510 1589 726 1629 Parmam,
762 1589 823 1624 sed
857 1590 1106 1625 observandum
1135 1591 1249 1631 etiam,
1277 1592 1381 1626 tribus
1409 1599 1442 1626 et
1470 1594 1657 1640 subgenera
1689 1595 1773 1629 illius

153 1651 284 1695 majoris
322 1650 454 1683 omnino
490 1662 565 1683 esse
598 1650 754 1683 momenti
786 1661 883 1696 quani
916 1649 1010 1697 plura
1041 1650 1261 1685 recentiorum
1290 1664 1424 1697 genera.
1479 1651 1659 1687 Praeterea
1689 1654 1772 1689 Celt.

154 1708 216 1743 De
242 1707 436 1749 Notaris,
465 1707 743 1755 Massalongo
772 1715 803 1743 et
832 1708 1044 1749 Rom-ber,
1075 1723 1195 1744 nomen
1221 1710 1396 1757 Physciae
1428 1712 1630 1747 Pusmeliae
1656 1720 1774 1761 parie-

153 1774 244 1803 linae
270 1769 460 1807 tribuentes,
486 1768 606 1801 nullum
635 1774 805 1802 auctorem
837 1769 1005 1815 antiquum
1032 1771 1135 1803 secuti
1164 1776 1254 1805 sunt:
1285 1768 1511 1805 Hoffmann
1539 1770 1601 1813 (D.
1630 1772 1667 1807 L.
1686 1772 1726 1808 ll.
1744 1787 1774 1820 p.

157 1829 242 1874 150)
270 1841 331 1874 pro
367 1826 521 1873 Physci‘is
555 1826 666 1861 habuit
702 1827 799 1861 Lich.
826 1827 1031 1875 phys-odem,
1066 1827 1274 1863 terebratum
1303 1836 1334 1864 et
1362 1829 1553 1878 hispidum,
1583 1831 1681 1867 Lirh.
1702 1846 1771 1880 ym—

153 1892 310 1921 rietiuum.
338 1886 378 1920 ad
410 1886 578 1920 l'lntisma
607 1887 769 1925 referens,
800 1885 859 1921 De
889 1886 1096 1922 Candolle
1129 1887 1296 1934 Physciae
1323 1891 1455 1924 nomine
1471 1891 1623 1925 salutavit
1639 1891 1772 1926 Ramn-

151 1947 254 1985 limzx,
288 1945 472 1985 Eser-mas,
511 1944 691 1980 Cen-arias
721 1945 911 1993 formasque
940 1954 1073 1981 nostrae
1103 1947 1272 1994 Physcsae
1300 1948 1562 1989 adscendentes,
1591 1950 1630 1984 L.
1649 1956 1771 1998 parie-

153 2010 258 2039 tinum
289 2018 349 2052 pro
382 2003 586 2039 Imbricaria
616 2005 743 2039 habens
772 2020 800 2039 e.
828 2020 853 2040 s.
883 2018 913 2053 1).
944 2006 993 2040 Cl.
1023 2005 1081 2055 N)
1099 2007 1247 2042 landet·
1276 2007 1419 2055 denique
1445 2009 1507 2042 sub
1528 2008 1772 2055 Phys-claenn-

153 2065 236 2098 mine
263 2064 374 2098 similia
402 2070 500 2111 atque
528 2064 693 2098 dissimilia
723 2065 881 2106 cuniulat,
909 2078 1018 2112 neque
1056 2079 1230 2113 sporarum
1262 2080 1371 2114 neque
1410 2067 1495 2101 thalli
1534 2082 1597 2103 nec
1632 2069 1772 2116 apothe-

153 2123 276 2156 ciorum
305 2122 468 2157 dixersam
498 2123 640 2157 indolem
668 2125 863 2171 respiciens.

299 2194 312 2208 ⁶
330 2192 436 2230 thallo
464 2195 670 2230 normaliter
697 2195 944 2231 adscendente
970 2195 990 2231 l.
1022 2196 1264 2232 decumbente
1295 2197 1537 2246 (Armptyclaia
1574 2198 1767 2243 Koerb.).

305 2281 332 2313 l.
385 2279 451 2313 Ph.
481 2279 613 2313 ciliaris
639 2280 712 2326 (L.)
738 2287 768 2326 β.
803 2282 1017 2329 scopulorum
1049 2281 1089 2316 Ε.
1120 2281 1235 2329 Nyl.:
1273 2280 1381 2316 tllallo
1410 2281 1657 2331 cartilaffinem⁷
1685 2282 1770 2317 sub-

154 2334 492 2384 stellato-expansO.
532 2337 723 2385 depresso,
763 2338 844 2374 laxe
889 2338 1124 2382 adhaerente,
1161 2341 1518 2376 virescenti-cervino
1555 2341 1574 2376 l.
1605 2342 1769 2377 cerxino-

155 2393 271 2433 fusco,
301 2394 433 2430 laciniis
459 2397 651 2435 convexis.
680 2397 864 2439 torulosis;
893 2398 1091 2446 apotheciis
1120 2399 1369 2448 nigro-fuscis,
1397 2400 1511 2435 nudis.

303 2462 397 2511 Syn.
450 2463 577 2498 Lichen
606 2466 738 2499 ciliaris
765 2465 918 2513 Vang.
947 2467 1052 2516 Lapp.
1080 2483 1110 2516 p.
1139 2468 1221 2503 431.

299 2530 476 2565 Parmelta
504 2531 636 2566 cilium
662 2547 727 2567 var.
756 2532 820 2568 Fr.
850 2533 890 2568 L.
918 2533 959 2569 E.
992 2548 1024 2582 p.
1053 2535 1110 2569 77.

302 2595 394 2631 Exs.
450 2596 489 2631 L.
515 2597 575 2632 Su.
605 2613 634 2633 n.
668 2599 747 2633 139.
779 2621 823 2626 —-
849 2599 993 2635 Stenh.
1020 2615 1050 2635 n.
1079 2600 1136 2635 42.
