2379 3188
1759 264 1845 306 345

281 374 524 424 Sphinctrz'nae
562 368 803 418 tnrbinatae),
844 372 876 404 et
907 368 1064 418 Cyphelii
1095 370 1198 418 prima
1227 370 1300 404 vice
1328 370 1357 404 in
1390 368 1491 404 Aah.
1519 368 1680 418 Monogr.
1706 370 1801 406 Lich.
1831 370 1896 407 Ca-

281 432 397 469 licioid.
440 428 533 475 (Vet.
563 428 629 464 Ak.
661 428 781 463 Handl.
816 429 910 463 1815
939 443 969 477 p.
996 429 1087 476 961)
1127 428 1248 464 eodem
1277 441 1377 463 seusu
1418 428 1577 464 adhiberi.
1635 429 1896 466 Observandum

280 499 385 528 tamen
414 495 477 529 est,
507 488 561 522 illo
586 501 660 522 eum
692 501 870 535 numquam
899 494 933 522 ut
958 488 1223 523 denominatione
1251 489 1407 534 generica
1437 500 1531 521 usum
1560 501 1651 531 esse,
1679 490 1739 524 sed
1757 496 1897 524 tantum-

281 550 378 586 modo
405 554 439 582 ut
469 546 667 592 significaret
696 547 958 581 subdivisionem
988 548 1121 594 generis
1154 546 1287 582 Calicii.
1344 544 1446 583 Quod
1475 553 1583 581 autem
1611 562 1718 595 genus
1747 562 1847 596 quum
1868 551 1897 584 in

279 610 368 658 plura
400 605 612 641 dividendum
642 618 718 640 esse
748 607 938 653 perspexit,
968 619 1089 641 nomen
1118 605 1231 640 Aeolii
1258 606 1374 652 rejecit
1402 611 1434 640 et
1466 605 1623 654 Cypleelie'
1638 608 1667 642 in
1685 608 1897 643 litteraturam

278 665 547 712 lichenologicam
589 664 776 699 introduxit.
833 664 935 702 Quod
979 678 1078 713 quum
1119 671 1291 713 praeterea
1334 665 1453 699 factum
1496 666 1537 699 sit
1577 666 1606 700 in
1651 679 1755 714 opere
1782 667 1823 702 de
1848 667 1898 702 his

277 726 393 775 plantis
420 724 578 764 classice,
607 725 727 770 justum
761 724 889 759 videtur
919 724 1221 759 denominationem
1251 723 1427 765 adhibere,
1457 737 1554 771 quam
1581 726 1655 773 ipse
1684 725 1898 761 Acharius

276 785 364 820 alteri
391 783 552 832 praetulit.

427 856 454 888 1.
488 852 525 889 C.
555 853 709 899 tigillare
736 851 858 888 Ach.:
888 856 1006 887 crusta
1033 852 1430 894 areolam-verrucosa,
1461 852 1604 895 citrina,
1621 851 1832 902 hypothallo
1847 858 1898 889 te-

275 912 446 950 nuissimo
475 911 761 953 citrino-albido;
793 910 991 959 apotheciis
1016 911 1163 953 innatis,
1193 911 1294 947 disco
1319 912 1464 948 tandein
1485 912 1680 954 tumidulo,
1699 913 1898 962 marginem

275 977 418 1009 tenuem
445 971 675 1007 excludente.

421 1039 512 1089 Syn.
552 1040 699 1074 Lecefdea
734 1040 900 1086 tiganris
933 1039 1025 1075 Ach.
1057 1038 1157 1075 Univ.
1188 1054 1220 1088 p.
1252 1039 1332 1081 164,
1362 1039 1512 1088 Wnbg.
1540 1039 1648 1089 Lapp.
1680 1055 1711 1089 p.
1738 1041 1824 1078 462.
1852 1063 1896 1068 —-

329 1098 498 1135 Calicium
525 1098 626 1134 Acli.
652 1097 736 1147 Syn.
765 1113 797 1146 p.
834 1099 887 1140 15,
916 1098 1055 1133 Smrst.
1082 1098 1199 1149 Suppl.
1221 1113 1253 1147 p.
1275 1099 1353 1140 277,
1372 1099 1438 1134 Fr.
1456 1098 1496 1135 L.
1516 1099 1556 1135 E.
1577 1114 1608 1148 p.
1626 1100 1710 1142 400,
1728 1101 1897 1137 Schaer.

324 1158 444 1193 Enum.
474 1172 506 1206 p.
540 1158 619 1192 165.
663 1178 707 1183 —
754 1158 954 1206 Cyploele'um
997 1157 1097 1193 Ach.
1129 1161 1159 1193 in
1188 1158 1268 1194 Vet.
1296 1158 1362 1194 Ak.
1395 1158 1517 1194 Handl.
1550 1161 1644 1195 1815
1674 1174 1705 1208 p.
1738 1160 1821 1195 266.
1849 1183 1898 1187 —

324 1218 482 1254 Aeolium
511 1216 631 1252 Mass.
662 1216 767 1251 Mem.
797 1231 829 1265 p.
860 1218 940 1259 150,
973 1217 1125 1253 Koerb.
1145 1217 1235 1267 Syst.
1263 1231 1295 1266 p.
1325 1218 1409 1254 303.

423 1284 519 1321 Exs.
547 1284 588 1320 L.
619 1284 676 1320 Su.
701 1299 731 1319 n.
766 1286 846 1319 151.
873 1307 919 1313 —
949 1284 1121 1320 Schaer.
1151 1299 1180 1320 n.
1210 1286 1293 1320 451.
1320 1307 1366 1312 -
1394 1284 1520 1334 Hepp
1543 1300 1573 1321 n.
1595 1286 1674 1321 159.
1696 1285 1894 1322 —Smrl't.

323 1359 353 1379 u.
386 1344 467 1380 139.
492 1367 543 1372 -
571 1343 704 1379 Rbnh.
732 1358 762 1379 n.
787 1345 873 1378 214.

424 1416 464 1452 In
505 1417 601 1467 ligno
642 1417 843 1459 denudato,
874 1416 1070 1465 parietibus
1102 1417 1268 1459 vetustis,
1298 1418 1433 1453 cortice
1460 1419 1627 1467 pinorum
1653 1419 1835 1455 siccorum
1864 1433 1894 1456 e.

275 1487 302 1511 s.
329 1488 361 1524 p.
389 1475 425 1511 in
453 1476 620 1513 silvaticis
648 1476 845 1525 subalpinis
874 1476 982 1512 totius
1002 1476 1162 1521 regionis
1189 1476 1491 1519 scandinavicae,
1516 1479 1798 1527 septentrionem
1816 1492 1897 1515 ver-

275 1547 336 1571 sus
365 1547 570 1578 rarescens,
597 1535 664 1571 sed
692 1548 808 1584 usque
835 1535 882 1570 ad
909 1535 1018 1571 Alten
1045 1535 1226 1572 Finmark.
1259 1536 1374 1572 occid.
1417 1541 1452 1572 et
1477 1537 1685 1585 Jarfjorden
1714 1538 1894 1575 Fimnark.

275 1594 400 1630 orient.
432 1594 681 1643 progrediens.

418 1667 501 1703 Asci
530 1669 689 1715 elongati,
718 1668 983 1708 lineari-clavati;
1013 1680 1136 1716 sporae
1162 1674 1322 1710 octonae,
1353 1668 1544 1718 dyblastae,
1571 1671 1724 1717 utrinque
1751 1670 1897 1705 obtusis-

275 1728 391 1769 simae,
419 1727 530 1762 medio
560 1729 612 1762 vix
638 1729 853 1768 constrictae,
883 1727 1193 1774 suligineo-suscae,
1217 1728 1391 1769 0,014—20
1419 1742 1493 1763 mm.
1519 1729 1638 1776 longae
1660 1735 1693 1764 et
1716 1729 1889 1769 (Loca—11

276 1799 350 1822 mm.
378 1787 471 1822 latae.
501 1808 546 1814 —
575 1785 612 1820 In
641 1787 879 1834 speciminibus
907 1787 993 1820 circa
1023 1784 1196 1834 Upsaliam
1224 1787 1317 1822 lectis
1346 1794 1378 1822 et
1407 1794 1516 1822 crusta
1554 1788 1774 1823 crassiuscula
1799 1799 1895 1835 prae-

276 1845 350 1881 ditis
391 1847 474 1880 inter
512 1859 632 1894 sporas
666 1845 837 1894 dyblastas
871 1858 966 1879 unam
1010 1845 1188 1880 alteramve
1218 1846 1317 1894 poly-
1356 1849 1555 1895 (praecipue
1584 1848 1751 1882 cruciatim
1779 1848 1896 1893 tetra-)

276 1905 413 1940 blastam
440 1905 523 1946 vidi,
551 1905 639 1940 uude
667 1918 772 1940 nexus
800 1917 874 1939 cum
901 1903 1018 1938 Aeolio
1045 1904 1220 1939 Notarisn·
1248 1904 1338 1940 Tul.
1367 1906 1485 1941 elucet.
1522 1905 1591 1942 Csr.
1613 1904 1690 1941 Vet.
1708 1906 1774 1942 Ak.
1792 1905 1895 1941 Farh.

278 1963 371 1999 1855
399 1978 431 2012 p.
462 1964 516 1999 17.

751 2034 817 2074 69.
878 2032 1076 2074 Calicium
1106 2035 1242 2075 Pers.
1274 2034 1425 2074 entend.

425 2109 571 2146 Thallus
616 2115 839 2153 crustaceus,
886 2110 1074 2147 uniformis
1114 2111 1133 2148 l.
1175 2112 1415 2155 oblitteratus3
1452 2112 1641 2161 apothecia
1672 2114 1752 2162 plus
1779 2114 1897 2150 minus

278 2168 470 2211 turbinata,
499 2170 665 2218 stipitata,
694 2170 855 2218 primitus
883 2175 1021 2218 aperta,
1044 2171 1214 2220 excipulo
1232 2171 1380 2220 proprio
1397 2172 1566 2208 aterrimo
1584 2173 1795 2222 marginata;
1811 2186 1896 2222 spo-

279 2239 339 2263 rae
367 2232 537 2271 octonae,
565 2228 746 2278 oblongae
763 2229 782 2264 l.
801 2228 1067 2271 subovoideae,
1084 2230 1265 2279 simplices
1289 2231 1308 2267 l.
1325 2231 1690 2280 (ly—tetra-blastae,
1706 2231 1896 2282 fuligineo-

279 2286 416 2330 fuscae,
443 2288 533 2323 ascis
566 2287 933 2336 cylindrico-clavatis
961 2289 1020 2324 diu
1046 2289 1319 2338 persistentibus
1347 2290 1517 2328 inclusae.

462 2359 477 2375 ⁴⁸
504 2362 658 2409 excipulo
683 2361 1077 2409 luscesceuti-pruinOSO.

431 2433 460 2467 1.
495 2433 531 2469 O.
561 2433 773 2482 hyperellmn
799 2431 920 2469 Ach.:
949 2439 1066 2470 crusta
1095 2432 1895 2484 glebuloso—granulosa,inaequabili‚flavo-

279 2488 493 2532 virescente,
536 2490 746 2540 hypothallo
792 2491 875 2527 albo
909 2492 1133 2541 subbyssino
1161 2497 1282 2535 enata3
1312 2492 1511 2542 apotheciis
1546 2491 1895 2535 sublentiformibus,

279 2545 403 2583 subtus
429 2548 657 2599 ferrugineis,
688 2550 834 2586 demum
869 2563 948 2587 cum
980 2552 1081 2587 ‹lisco
1110 2551 1571 2602 umbrino-nigricantibus,
1605 2551 1720 2599 stipite
1749 2550 1895 2601 elonga-

281 2608 333 2646 to,
360 2605 495 2650 valido,
523 2614 616 2651 atro,
644 2609 778 2652 nitido;
806 2610 924 2658 sporis
952 2610 1137 2660 dyblastis.
1657 2660 1703 2695 44
