2379 3188
647 260 730 301 278

744 366 973 415 Sphyridium
988 367 1222 414 fungq'forme
1250 364 1407 401 Koerb.
1434 364 1527 414 Syst.
1555 379 1588 413 p.
1623 364 1708 402 273.

714 434 835 470 ⁴Exs.
863 434 901 470 L.
934 434 991 470 Su.
1020 449 1050 470 n.
1083 435 1164 469 146.
1195 456 1240 461 -
1269 432 1449 468 Schaer.
1477 447 1506 467 n.
1536 432 1593 468 32.

739 508 802 543 Ad
829 512 961 543 terram
990 518 1146 542 macram
1176 505 1391 540 denudatam
1420 505 1681 542 Scandinaviae
1709 506 1817 542 totius
1845 509 1881 540 et
1905 503 2112 552 Lapponiae
2131 503 2208 539 Ke-

593 566 726 603 mensis
750 567 785 602 in
812 566 979 603 silvaticis
1005 565 1309 613 inferalpinisque.

740 641 823 676 Asci
852 639 1218 688 elongato-cylindrici,
1258 638 1338 673 infra
1369 639 1541 677 attenuati,
1569 639 1776 680 creberrimi,
1802 638 2048 687 paraphysibns
2076 636 2209 684 capilla-

593 702 699 742 ribus‚
725 701 796 736 laxe
821 700 1076 736 cohaerentibus
1106 699 1219 738 ciuem
1246 711 1368 745 sporae
1393 704 1551 738 octonae,
1577 697 1765 744 simplices,
1794 697 2096 746 linteolo-hyalinae,
2114 696 2207 743 ellip-

592 760 728 795 soideae
767 759 786 794 l.
828 758 1230 807 ellipsoideo-oblongne,
1258 757 1432 798 Quos—10
1464 770 1538 791 mm.
1568 757 1688 803 longae
1718 762 1750 790 et
1778 756 1891 796 Quo-35
1934 770 2009 790 nim.
2037 756 2129 790 latae.
2161 775 2206 781 —-

591 818 749 854 Nominis
777 818 958 853 Linnaeani
987 815 1157 863 rejiciendi
1186 815 1268 849 nulla
1299 815 1466 850 sufficiens
1495 815 1590 850 adest
1616 816 1716 855 ratio,
1744 828 1817 849 nam
1846 814 2026 862 descriptio
2054 821 2086 849 et
2114 814 2209 848 locus

590 878 758 914 habitandi
787 879 919 912 omnino
950 875 1119 924 quadrant.
1172 873 1411 909 Denominatio
1441 887 1521 908 vero
1538 875 1786 921 fzmggformis
1818 886 1932 909 errore
1970 874 2094 914 nititur,
2131 885 2204 907 nam

592 938 801 973 (brumales
822 936 1050 983 femgiforme
1080 933 1178 968 Dill.
1208 947 1272 967 non
1302 939 1352 968 est
1379 932 1478 974 haec,
1507 933 1567 968 sed
1595 947 1662 968 sec.
1693 933 1972 980 descriptionem,
1997 944 2205 980 synonymon

591 998 720 1032 allatum
765 995 858 1042 (Raj.
902 995 984 1044 Syn.
1026 992 1085 1028 III.
1113 1008 1143 1042 p.
1177 993 1221 1027 13
1250 999 1282 1027 et
1310 998 1330 1027 t.
1362 991 1386 1026 l.
1417 992 1436 1027 s.
1464 992 1518 1039 3),
1551 993 1659 1027 locuni
1689 992 1829 1027 natalem
1859 990 1925 1037 (’'in
1948 991 2068 1039 ungula
2087 992 2206 1039 equina

590 1054 842 1105 putrescente'')
875 1054 916 1088 ad
948 1053 1149 1100 Owygenam
1174 1057 1331 1099 equinam
1360 1053 1512 1099 pertinet.

741 1122 777 1158 In
807 1121 926 1170 Suppl.
957 1135 989 1169 p.
1024 1120 1093 1154 160
1118 1118 1395 1155 Souimerfelt
1421 1118 1598 1168 descripsit
1625 1118 1807 1153 Lecideam
1829 1117 2097 1161 tuberculatam,
2114 1117 2229 1153 ''cru—.

589 1189 637 1218 sta
678 1182 798 1223 effusa,
837 1182 943 1222 tenui,
986 1181 1139 1228 leprosa,
1182 1179 1466 1220 subcohaerente,
1503 1177 1827 1220 virescenti-albida,
1855 1178 2040 1226 apotheciis
2079 1179 2210 1212 minutis

590 1243 715 1290 sparsis
742 1241 977 1288 immarginatis
1007 1253 1085 1274 mox
1112 1238 1331 1287 subglobosis
1361 1237 1577 1272 tuberculatis
1604 1238 1704 1284 nigris
1720 1238 1807 1272 intus
1829 1236 2094 1279 concoloribus⁷⁷,
2112 1249 2209 1285 quam

591 1302 674 1337 ⁷⁷sub
704 1302 892 1350 praeruptis
919 1300 1047 1348 rupium
1075 1310 1299 1345 saxorumque
1327 1296 1594 1345 inseralpinorum
1634 1296 1802 1332 Saltdalen
1830 1296 2063 1332 Nordlandiae
2087 1294 2210 1331 1·arius''

590 1362 669 1409 legit
702 1366 735 1396 et
761 1359 817 1395 ''re
846 1372 924 1394 vera
952 1359 1171 1406 Baeomyceci
1199 1357 1283 1403 rufo
1311 1355 1410 1390 Ach.
1435 1354 1583 1390 at'finen1·'
1611 1355 1766 1391 declarat.
1823 1355 2014 1404 Specimina
2042 1356 2210 1403 originalia

590 1420 713 1455 docent
755 1441 800 1446 -—-
831 1418 923 1467 quod
955 1431 973 1452 e
1002 1418 1076 1452 loco
1108 1417 1202 1452 natali
1231 1415 1430 1450 abscondito
1459 1417 1522 1461 jam
1552 1415 1627 1450 licet
1658 1415 1860 1450 concludere
1889 1436 1935 1441 —-
1964 1415 2048 1450 hanc
2074 1417 2209 1464 stirpem

590 1481 723 1514 omnino
762 1492 838 1513 esse
870 1479 1035 1527 atypicam
1067 1482 1100 1511 et
1126 1474 1355 1510 tantummodo
1386 1474 1561 1523 apotliecia
1589 1475 1815 1522 subglobosa‚
1847 1474 2024 1516 difformia,
2053 1475 2209 1523 substipi-

589 1546 670 1580 tata,
696 1539 726 1572 in
756 1543 863 1572 crusta
892 1537 1050 1584 (aliena?)
1078 1535 1186 1569 albida
1218 1536 1288 1569 sita.
1344 1533 1422 1568 Nee
1451 1547 1549 1568 ascos
1587 1547 1697 1582 neque
1730 1547 1848 1583 sporas
1875 1535 1906 1568 in
1932 1535 1970 1568 iis
1996 1535 2120 1575 inveni,
2148 1533 2208 1568 sed

591 1598 697 1632 solum
725 1596 931 1645 parapliyses
962 1596 1145 1630 arctissime
1170 1594 1422 1641 conglutinatas·
1477 1592 1511 1627 A
1539 1593 1670 1642 Spltyr.
1696 1592 1849 1641 byssoz'de
1875 1599 1944 1628 toto
1972 1593 2068 1628 coelo
2097 1592 2209 1627 diver-

590 1669 624 1691 Sa
655 1662 706 1691 est
734 1656 816 1690 haec
845 1655 951 1703 planta
979 1655 1137 1689 oblivioni
1167 1666 1306 1701 prorsus
1336 1652 1513 1687 tradenda!

1106 1724 1174 1764 42.
1232 1724 1495 1776 Heloearpon
1524 1736 1560 1763 n.
1590 1735 1693 1776 gen.

743 1800 890 1836 Thallus
932 1805 1156 1841 crustaeeus,
1197 1800 1399 1840 uniformis;
1428 1799 1616 1848 apothecia
1643 1800 1811 1848 stipitata,
1836 1799 1930 1835 intus
1958 1798 2088 1841 solida,
2116 1803 2206 1840 atra,

591 1860 692 1896 disco
728 1859 890 1908 primitus
914 1858 1097 1894 urceolato
1130 1859 1351 1908 demumque
1380 1872 1568 1902 convexo,
1595 1859 1757 1907 margine
1783 1858 1932 1907 proprio
1961 1857 2207 1900 carbonaceo,

590 1920 737 1956 demum
767 1918 948 1959 revolut0;
981 1917 1110 1953 lamina
1135 1918 1323 1966 sporigera
1351 1918 1847 1968 cartilagineo—carbonacea,
1876 1916 2099 1966 hypotliecio
2123 1917 2207 1953 sim-

589 1979 671 2028 plici
700 1977 886 2028 nigricanti
915 1976 1098 2025 imposita3
1126 1989 1257 2024 sporae
1286 1977 1484 2026 simplices,
1508 1976 1687 2026 hyalinae.

748 2050 867 2085 Genus
898 2049 995 2084 valde
1026 2051 1171 2096 insigne,
1199 2049 1239 2084 ad
1268 2051 1448 2086 Les-ideam
1478 2065 1554 2087 sese
1587 2051 1714 2086 habens
1732 2057 1767 2085 ut
1785 2050 2015 2099 Sphyridz'mn
2030 2049 2070 2084 ad
2085 2050 2207 2085 Biato-

593 2124 679 2144 ram.
737 2109 810 2145 Una
837 2109 1066 2144 tantummodo
1092 2109 1251 2143 hactenus
1278 2111 1410 2157 cognita
1443 2117 1492 2145 est
1522 2112 1673 2160 species,
1714 2123 1800 2157 quae
1829 2110 1940 2144 habitu
1971 2115 2108 2144 externo
2137 2108 2204 2144 Ca-

590 2170 703 2204 licium
735 2169 904 2217 quoddam
933 2169 1106 2203 robustum
1136 2167 1268 2202 demum
1291 2168 1399 2203 refert.

748 2245 776 2277 1.
807 2243 852 2277 H.
883 2247 1054 2290 crussipes
1082 2253 1114 2276 n.
1145 2253 1226 2289 sp.:
1269 2247 1388 2277 crusta
1418 2242 1544 2283 effusa,
1586 2242 1750 2291 disperse
1779 2242 2207 2290 granuloso-verrucosa‚

589 2299 800 2349 hypothallo
829 2300 950 2336 albido
975 2300 1164 2343 verniceo·‚
1191 2299 1388 2348 apotheciis
1415 2300 1531 2348 stipite
1560 2313 1683 2337 crasso
1711 2301 1907 2343 instructis,
1934 2299 2096 2349 primitus
2120 2299 2205 2336 sub-

588 2359 792 2400 turbinatis,
824 2359 969 2394 (lemum
999 2358 1269 2408 pileiformibus.

744 2426 861 2475 Supra
902 2440 1067 2469 muscos,
1106 2440 1200 2476 quos
1228 2427 1413 2469 incrustat,
1442 2427 1604 2476 pluribus
1632 2427 1721 2463 locis
1747 2427 1782 2463 in
1809 2427 2016 2463 Finmarkia
2044 2427 2206 2463 orientali

589 2497 739 2539 ex.ugr.
780 2485 826 2521 ad
866 2485 1004 2533 Aldjok
1035 2491 1070 2521 et
1095 2486 1194 2535 alpes
1222 2487 1378 2535 Styrene
1411 2486 1633 2536 Varangriae
1662 2486 1966 2535 septentrionalis,
1995 2486 2204 2534 Jarfjorden

588 2550 623 2580 et
651 2544 693 2580 O.
716 2544 846 2594 Pasvig
875 2544 1098 2594 Varangriae
1126 2545 1385 2588 meridionalis,
1415 2545 1587 2594 Lebesby
1612 2545 1657 2581 ad
1686 2545 1750 2581 sin.
1774 2545 2024 2593 Laxefjorden
2053 2558 2083 2581 e.
2113 2558 2139 2582 s.
2169 2559 2200 2594 p.

737 2614 858 2651 Obiter
882 2617 1068 2665 inspectum
1096 2616 1276 2651 Lecideam
1305 2616 1469 2664 quandam
1492 2615 1604 2651 habitu
1632 2616 1748 2659 refert,
1783 2615 1843 2651 sed
1871 2618 2055 2651 accuratius
2083 2617 2205 2651 exami-

588 2680 697 2708 natum
737 2681 771 2709 ut
807 2675 913 2710 lichen
939 2675 1036 2710 valde
1064 2676 1257 2724 singularis,
1283 2676 1359 2711 nulli
1387 2676 1491 2711 affinis
1526 2682 1559 2711 et
1582 2677 1635 2710 vix
1658 2689 1732 2711 cum
1763 2676 1825 2710 alio
1851 2675 2096 2726 comparandus
2123 2688 2200 2711 sese
