2379 3188
1686 237 1769 278 109

194 343 356 379 centiora
379 344 577 388 systemata
605 351 691 388 prae
718 339 848 374 ceteris
876 338 1042 374 Koerberi
1069 338 1224 388 logices,
1253 351 1360 387 quam
1390 339 1532 381 dicunt,
1549 341 1720 389 singulari
1737 355 1823 378 con-

194 401 337 441 stantia;
370 410 514 446 nequeo
553 402 671 433 tamen
701 397 913 432 sententiam
949 409 1066 432 meam
1101 397 1346 445 supprimere,
1381 398 1525 433 nimiam
1563 398 1612 433 ibi
1642 399 1737 435 tballi
1764 413 1824 436 na-

195 465 296 496 turae
323 456 525 493 attributam
556 468 638 491 esse
667 455 736 491 vim
766 455 926 504 ideoque
951 455 1086 491 formas
1115 456 1223 505 longe
1250 456 1342 491 inter
1365 469 1405 492 se
1435 462 1594 495 remotas
1616 462 1650 493 et
1668 458 1825 507 diremp-

193 523 262 559 taS‚
300 528 393 564 quae
428 514 523 550 haud
559 514 742 562 cuiquam,
784 518 819 550 ut
847 527 927 550 mea
954 515 1099 563 quidem
1131 514 1198 550 fert
1226 515 1367 563 opime,
1398 521 1516 563 potest
1544 529 1625 551 esse
1657 516 1823 559 dubium,

195 576 279 626 quin
306 573 503 610 arctissime
531 573 600 608 sint
627 575 853 619 conjunctae.
908 573 984 608 Nec
1009 587 1157 622 possum
1188 574 1430 616 dissimulare,
1459 575 1649 611 induxisse
1670 588 1728 611 me
1750 577 1823 612 ani-

193 647 289 671 mum
330 656 363 662 --
399 631 498 680 quod
528 631 724 673 nonnullis,
763 631 925 680 perbene
956 633 1049 674 scio,
1079 633 1244 668 insanum
1274 646 1390 682 paene
1417 633 1599 669 videbitur
1627 657 1673 662 —
1701 640 1825 683 syste-

193 694 354 729 maticam
391 690 574 740 quondam
609 689 789 726 lichenum
825 690 1116 738 dispositionem,
1157 692 1202 727 ad
1230 692 1506 740 discrepantiam
1535 706 1726 741 sporarum
1755 695 1825 742 pri-

194 751 306 788 mario
343 750 464 786 habito
499 755 688 798 respectu,
725 749 851 798 aequis
887 750 1049 785 omnium
1079 751 1265 799 postulatis
1294 764 1376 787 csse
1404 751 1680 793 satisfiicturam,
1715 775 1758 780 ι*
1790 758 1824 788 at

192 811 260 847 tale
287 814 448 858 systema
476 809 685 857 priusquam
712 808 776 843 rite
806 809 1059 845 concinnatum
1087 810 1216 857 poterit
1245 809 1392 858 prodire
1423 815 1457 845 et
1476 810 1650 859 applausu
1667 811 1821 853 salutari,

191 869 365 919 permulta
394 867 559 915 jamdum
596 867 816 915 praetervisa
851 867 907 903 vel
943 880 1015 903 non
1044 869 1128 904 satis
1161 869 1338 905 intellecta
1370 869 1539 905 didicisse
1569 882 1661 918 opus
1691 871 1758 906 erit
1789 878 1823 906 et

191 927 434 977 perspexisse.
470 949 503 953 —
538 926 623 961 Hoc
650 926 683 961 in
715 926 892 974 opusculo
925 927 1232 970 distributionem,
1266 941 1371 977 quam
1393 928 1491 964 dedit
1511 930 1624 969 Pater,
1641 928 1821 964 lichenum

192 988 348 1023 maxime
378 991 523 1021 secutus
550 997 646 1026 sum,
674 985 890 1033 quibusdam
920 987 1171 1022 tantummodo
1199 987 1309 1023 rebus
1336 989 1486 1023 mutatis.
1550 988 1669 1023 Prima
1694 988 1743 1024 ibi
1770 989 1822 1024 di-

190 1045 336 1082 visionis
379 1044 467 1080 ratio
508 1057 753 1087 summorum,
795 1057 887 1092 quos
921 1058 1050 1081 omnes
1082 1052 1284 1095 agnoscunt
1318 1046 1580 1095 admittuntque
1609 1047 1822 1096 scriptores,

191 1104 355 1140 ordinum
389 1103 818 1151 (Heterolichenum
846 1110 952 1153 atque
980 1105 1091 1140 Hom
1104 1105 1283 1140 olichen
1297 1118 1316 1140 u
1329 1109 1378 1153 m)
1411 1106 1445 1140 in
1474 1105 1750 1153 apotlieciorum
1770 1107 1822 1142 in-

189 1163 273 1199 dole
308 1163 500 1211 quaeritur,
535 1163 631 1198 unde
660 1163 694 1198 in
724 1170 892 1212 quattuor
919 1164 1089 1207 analogas
1129 1164 1242 1199 series
1272 1164 1478 1205 discedunt,
1516 1177 1666 1213 quarum
1700 1167 1820 1212 cujus-

190 1234 260 1271 que
289 1222 426 1256 t'ormae
461 1221 595 1269 optime
623 1222 789 1258 evolutae
818 1221 941 1266 (tliallo
966 1223 1101 1258 scilicet
1128 1223 1340 1258 fruticuloso
1370 1223 1571 1272 praeditae)
1599 1236 1731 1273 agmen
1756 1224 1821 1259 du-

190 1284 325 1329 cunt.’)
378 1279 568 1316 Neminem
610 1281 757 1329 quidem
797 1281 931 1323 minus,
970 1294 1077 1330 quam
1112 1294 1170 1316 me
1201 1282 1334 1330 ipsum,
1368 1282 1471 1327 fugit,
1509 1283 1650 1330 quantis
1687 1288 1722 1319 et
1750 1283 1820 1318 hoc

188 1344 347 1388 systema
382 1339 472 1375 vitiis
503 1345 538 1375 et
574 1339 838 1375 infirmitatibus
876 1340 1110 1381 deformetur,
1137 1341 1203 1375 sed
1233 1353 1281 1376 ex
1310 1340 1419 1376 altera
1449 1348 1548 1388 parte
1577 1346 1628 1376 tot
1658 1341 1741 1376 mihi
1771 1342 1820 1377 vi-

190 1412 268 1435 sum
296 1403 350 1434 est
374 1398 564 1434 virtutibus
595 1399 859 1439 commendari,
891 1404 926 1434 ut
953 1399 1014 1434 vix
1043 1412 1089 1434 co
1120 1400 1166 1435 uti
1196 1399 1375 1440 dubitem,
1401 1399 1521 1434 donec
1547 1399 1642 1435 aliud
1668 1400 1711 1435 sit
1737 1413 1821 1448 pro-

188 1459 310 1500 latum,
338 1457 395 1493 cui
422 1458 555 1506 primas
585 1458 746 1494 omnium
777 1471 958 1493 consensu
996 1463 1116 1506 partes
1145 1458 1290 1494 deferre
1323 1457 1437 1493 liceat.
1501 1458 1610 1502 Quod
1647 1459 1821 1507 temporis

188 1517 301 1566 spatio
334 1529 407 1552 non
437 1517 635 1552 admodum
664 1517 775 1565 longo
802 1517 993 1564 interjecto
1019 1517 1098 1552 sore
1128 1522 1163 1552 ut
1191 1517 1336 1566 assequi
1364 1517 1563 1563 contingat,
1593 1517 1680 1553 mira
1706 1525 1740 1554 et
1767 1519 1818 1554 in-

189 1576 306 1617 solita,
338 1587 430 1624 quae
465 1576 499 1611 in
528 1575 594 1611 hac
622 1576 818 1611 Botanices
853 1581 952 1624 parte
982 1576 1185 1612 novissimis
1213 1576 1315 1612 annis
1344 1576 1521 1625 apparuit,
1552 1575 1688 1612 laboris
1716 1577 1820 1612 indu-

188 1635 270 1671 stria
308 1634 492 1683 ardorque
537 1639 572 1670 et
609 1635 715 1670 studii
760 1635 934 1671 subtilitas
972 1640 1078 1684 atque
1108 1649 1262 1671 acumen
1298 1636 1391 1671 laete
1420 1635 1612 1684 probeque
1651 1636 1816 1684 spondet¹

337 1693 398 1729 Ad
424 1694 569 1743 generis
599 1693 732 1729 deinde
762 1695 947 1730 notionem
979 1695 1079 1743 quod
1107 1695 1230 1730 attinet
1260 1694 1541 1743 ambiguamque
1573 1694 1679 1741 hujus
1708 1695 1819 1731 inter-

189 1751 383 1800 pretandae
410 1758 445 1788 et
472 1752 702 1788 definiendae
729 1753 923 1795 rationem,
952 1754 985 1789 in
1011 1755 1169 1801 majores
1201 1754 1307 1789 etiam
1322 1753 1432 1789 incidi
1451 1752 1689 1795 difficultates,
1708 1767 1818 1802 quum

189 1823 261 1846 non
296 1811 504 1847 dissentiant
544 1812 655 1848 modo
692 1813 737 1848 de
766 1812 833 1848 hac
861 1826 901 1849 re
930 1813 1093 1861 plerique
1124 1812 1291 1848 hodierni
1319 1812 1557 1862 lichenologi,
1584 1812 1651 1848 sed
1679 1813 1819 1849 acerbi-

189 1873 257 1905 tate
283 1870 388 1905 etiam
417 1883 542 1919 parum
572 1872 812 1907 conveniente
843 1896 887 1900 —
916 1884 1062 1907 omnem
1092 1871 1160 1907 sibi
1186 1872 1272 1920 ipsis
1304 1871 1551 1907 auctoritatem
1584 1871 1817 1913 vindicantes,

189 1927 406 1977 derogantes
438 1930 567 1965 ceteris
596 1953 643 1957 —
672 1930 772 1979 quod
801 1931 932 1979 cuique
963 1931 1006 1966 sit
1030 1943 1260 1979 persuasum,
1291 1935 1327 1965 ut
1354 1936 1468 1965 ratum
1498 1930 1557 1966 fiat
1585 1935 1620 1966 et
1647 1943 1817 1980 compro-

193 1986 327 2028 batum,
356 1988 584 2024 contendant.
641 1990 721 2033 Qua
746 1989 780 2024 in
808 2002 848 2025 re
875 1995 1005 2025 neutro
1034 1989 1154 2025 studui
1182 1989 1348 2025 consulto
1371 1989 1558 2025 inclinare:
1588 1990 1816 2038 nequeenim

189 2046 386 2081 sententiae
414 2047 513 2094 potui
543 2047 794 2090 sulserilmm,
825 2060 872 2083 cx
903 2061 973 2096 qua
997 2061 1133 2097 genera
1161 2048 1304 2097 antiqua
1326 2048 1380 2084 ''in
1400 2048 1500 2096 plura
1521 2061 1692 2097 separare
1707 2061 1818 2098 aegre

190 2103 292 2139 ullius
319 2110 414 2140 esset
444 2105 612 2148 utilitatis,
639 2120 750 2156 quum
777 2107 1086 2143 subdivisionibus
1114 2107 1243 2156 stirpes
1271 2108 1387 2143 varias
1402 2107 1608 2155 specierum
1631 2108 1815 2156 complec-

190 2166 304 2198 tentes
336 2164 365 2209 (?
389 2185 434 2190 —
458 2164 590 2213 tibus?)
619 2165 845 2214 propositum
873 2166 970 2201 idem
997 2166 1200 2215 adtingatur
1227 2171 1334 2215 atque
1356 2166 1461 2202 simul
1480 2166 1658 2201 evitentur
1672 2167 1817 2202 nomina

190 2232 298 2262 nova,
317 2234 408 2270 quae
424 2222 500 2258 fere
519 2235 666 2271 semper
683 2224 883 2260 memoriae
898 2225 1146 2273 scientiaeque
1162 2225 1231 2261 sint
1257 2225 1427 2261 molesta*
1456 2224 1617 2273 ideoque
1645 2232 1818 2273 oportere

191 2279 361 2328 '’genera,
393 2286 561 2329 quantum
590 2282 667 2317 fieri
695 2283 822 2330 possit,
852 2288 933 2319 ante
961 2289 1109 2332 accepta
1137 2284 1383 2330 etapatribus
1410 2283 1580 2319 scientiae
1610 2288 1738 2325 creata,
1765 2284 1818 2320 in-

191 2343 290 2386 tegra
317 2340 480 2374 servare''
497 2363 547 2367 —
570 2353 638 2375 nec
666 2340 787 2376 facere
814 2342 928 2389 potui,
956 2342 1041 2391 quin
1070 2343 1104 2378 in
1132 2343 1266 2392 exigua
1293 2343 1411 2378 solum
1442 2342 1536 2378 thalli
1565 2342 1704 2378 formae
1731 2356 1816 2391 spo-

193 2407 356 2432 rarumve
385 2398 637 2447 magnitudinis
665 2399 864 2435 differentia
894 2401 1045 2449 positam
1075 2413 1167 2436 nova
1196 2402 1380 2437 condendi
1408 2414 1544 2451 genera
1577 2414 1740 2437 caussam
1761 2404 1817 2438 ni-

318 2503 339 2531 1)
364 2501 426 2528 Νοιι
462 2511 560 2537 magna
594 2502 744 2530 admodum
775 2513 800 2531 re
830 2513 890 2532 vera
915 2508 1004 2532 exstat
1028 2505 1100 2532 inter
1128 2504 1200 2531 hunc
1221 2515 1320 2540 genera
1344 2505 1508 2542 disponendi
1536 2505 1647 2532 modum
1673 2511 1699 2532 et
1722 2516 1735 2533 a
1760 2507 1816 2533 (¹01.

194 2546 320 2574 [sort-bero
344 2548 498 2577 adhibitum
523 2551 721 2587 discrepanti&
750 2553 776 2579 in
800 2562 832 2580 eo
855 2559 895 2580 cst
919 2554 984 2586 sita,
1007 2553 1080 2590 quod
1105 2562 1174 2590 quae
1196 2553 1230 2581 ab
1253 2554 1339 2581 altero
1363 2555 1459 2582 at'tines
1481 2553 1677 2581 existimantur
1700 2554 1816 2588 formae,

191 2594 224 2621 ab
246 2595 331 2623 altero
355 2597 404 2624 bae
426 2607 473 2634 pro
496 2599 620 2635 analogis
644 2600 787 2627 habentur.

1563 2640 1605 2672 14
1622 2649 1637 2674 b
