<?xml version="1.0" encoding="UTF-8"?>
<!DOCTYPE html PUBLIC "-//W3C//DTD XHTML 1.0 Transitional//EN"
    "http://www.w3.org/TR/xhtml1/DTD/xhtml1-transitional.dtd">
<html xmlns="http://www.w3.org/1999/xhtml" xml:lang="en" lang="en">
 <head>
  <title>
</title>
<meta http-equiv="Content-Type" content="text/html;charset=utf-8" />
  <meta name='ocr-system' content='tesseract 3.04.00' />
  <meta name='ocr-capabilities' content='ocr_page ocr_carea ocr_par ocr_line ocrx_word'/>
</head>
<body>
  <div class='ocr_page' id='page_1' title='image "./novaactaregiaeso331861kung_0191.png"; bbox 0 0 2379 3188; ppageno 0'>
   <div class='ocr_carea' id='block_1_1' title="bbox 1652 247 1733 287">
    <p class='ocr_par' dir='ltr' id='par_1_1' title="bbox 1652 247 1733 287">
     <span class='ocr_line' id='line_1_1' title="bbox 1652 247 1733 287; baseline 0 0"><span class='ocrx_word' id='word_1_1' title='bbox 1652 247 1733 287; x_wconf 71' lang='lat'>175</span> 
     </span>
    </p>
   </div>
   <div class='ocr_carea' id='block_1_2' title="bbox 168 351 1788 812">
    <p class='ocr_par' dir='ltr' id='par_1_2' title="bbox 168 351 1788 812">
     <span class='ocr_line' id='line_1_2' title="bbox 325 351 1786 399; baseline -0.001 -11"><span class='ocrx_word' id='word_1_2' title='bbox 325 353 410 389; x_wconf 86' lang='lat' dir='ltr'>Cum</span> <span class='ocrx_word' id='word_1_3' title='bbox 440 351 681 396; x_wconf 73' lang='lat' dir='ltr'>Massalongia</span> <span class='ocrx_word' id='word_1_4' title='bbox 707 364 871 393; x_wconf 75' lang='lat' dir='ltr'>carnosa,</span> <span class='ocrx_word' id='word_1_5' title='bbox 899 364 961 399; x_wconf 84' lang='lat' dir='ltr'>pro</span> <span class='ocrx_word' id='word_1_6' title='bbox 988 352 1084 397; x_wconf 88' lang='lat' dir='ltr'>cujus</span> <span class='ocrx_word' id='word_1_7' title='bbox 1113 351 1270 386; x_wconf 83' lang='lat' dir='ltr'>varietate</span> <span class='ocrx_word' id='word_1_8' title='bbox 1298 351 1459 386; x_wconf 85' lang='lat' dir='ltr'>hactenus</span> <span class='ocrx_word' id='word_1_9' title='bbox 1487 351 1598 387; x_wconf 84' lang='lat' dir='ltr'>habita</span> <span class='ocrx_word' id='word_1_10' title='bbox 1635 359 1694 394; x_wconf 81' lang='lat' dir='ltr'>est,</span> <span class='ocrx_word' id='word_1_11' title='bbox 1730 353 1786 387; x_wconf 83' lang='lat' dir='ltr'>ha-</span> 
     </span>
     <span class='ocr_line' id='line_1_3' title="bbox 175 408 1787 458; baseline 0 -12"><span class='ocrx_word' id='word_1_12' title='bbox 175 413 242 447; x_wconf 89' lang='lat' dir='ltr'>bitu</span> <span class='ocrx_word' id='word_1_13' title='bbox 272 418 304 447; x_wconf 87' lang='lat' dir='ltr'>et</span> <span class='ocrx_word' id='word_1_14' title='bbox 332 412 430 445; x_wconf 82' lang='lat' dir='ltr'>tliallo</span> <span class='ocrx_word' id='word_1_15' title='bbox 459 409 709 458; x_wconf 85' lang='lat' dir='ltr'>quodammodo</span> <span class='ocrx_word' id='word_1_16' title='bbox 745 409 878 457; x_wconf 88' lang='lat' dir='ltr'>quidem</span> <span class='ocrx_word' id='word_1_17' title='bbox 906 411 1077 450; x_wconf 88' lang='lat' dir='ltr'>convenit,</span> <span class='ocrx_word' id='word_1_18' title='bbox 1106 408 1165 443; x_wconf 82' lang='lat' dir='ltr'>sod</span> <span class='ocrx_word' id='word_1_19' title='bbox 1195 415 1358 445; x_wconf 80' lang='lat' dir='ltr'>structura</span> <span class='ocrx_word' id='word_1_20' title='bbox 1385 410 1637 458; x_wconf 77' lang='lat' dir='ltr'>apollieciorum</span> <span class='ocrx_word' id='word_1_21' title='bbox 1662 414 1787 446; x_wconf 84' lang='lat' dir='ltr'>interna</span> 
     </span>
     <span class='ocr_line' id='line_1_4' title="bbox 173 467 1788 517; baseline -0.002 -11"><span class='ocrx_word' id='word_1_22' title='bbox 173 471 302 506; x_wconf 83' lang='lat' dir='ltr'>abunde</span> <span class='ocrx_word' id='word_1_23' title='bbox 333 477 383 505; x_wconf 88' lang='lat' dir='ltr'>est</span> <span class='ocrx_word' id='word_1_24' title='bbox 415 469 555 504; x_wconf 85' lang='lat' dir='ltr'>diversa.</span> <span class='ocrx_word' id='word_1_25' title='bbox 611 467 718 502; x_wconf 78' lang='lat' dir='ltr'>Thalli</span> <span class='ocrx_word' id='word_1_26' title='bbox 755 467 948 515; x_wconf 78' lang='lat' dir='ltr'>squamulae</span> <span class='ocrx_word' id='word_1_27' title='bbox 971 467 1153 503; x_wconf 80' lang='lat' dir='ltr'>dissolutae</span> <span class='ocrx_word' id='word_1_28' title='bbox 1179 475 1322 503; x_wconf 82' lang='lat' dir='ltr'>crustam</span> <span class='ocrx_word' id='word_1_29' title='bbox 1351 470 1606 517; x_wconf 82' lang='lat' dir='ltr'>subcontiguam</span> <span class='ocrx_word' id='word_1_30' title='bbox 1636 470 1788 517; x_wconf 81' lang='lat' dir='ltr'>granula-</span> 
     </span>
     <span class='ocr_line' id='line_1_5' title="bbox 173 525 1786 575; baseline -0.001 -11"><span class='ocrx_word' id='word_1_31' title='bbox 173 537 235 564; x_wconf 91' lang='lat' dir='ltr'>tam</span> <span class='ocrx_word' id='word_1_32' title='bbox 275 529 667 563; x_wconf 74' lang='lat' dir='ltr'>l&#39;usccscente-cineream</span> <span class='ocrx_word' id='word_1_33' title='bbox 704 525 791 560; x_wconf 82' lang='lat' dir='ltr'>haud</span> <span class='ocrx_word' id='word_1_34' title='bbox 832 540 907 561; x_wconf 87' lang='lat' dir='ltr'>raro</span> <span class='ocrx_word' id='word_1_35' title='bbox 934 526 1096 568; x_wconf 80' lang='lat' dir='ltr'>reserunt·,</span> <span class='ocrx_word' id='word_1_36' title='bbox 1129 528 1305 575; x_wconf 85' lang='lat' dir='ltr'>apothecia</span> <span class='ocrx_word' id='word_1_37' title='bbox 1337 535 1386 563; x_wconf 90' lang='lat' dir='ltr'>sat</span> <span class='ocrx_word' id='word_1_38' title='bbox 1414 542 1496 570; x_wconf 85' lang='lat' dir='ltr'>rara,</span> <span class='ocrx_word' id='word_1_39' title='bbox 1524 542 1658 575; x_wconf 82' lang='lat' dir='ltr'>magna,</span> <span class='ocrx_word' id='word_1_40' title='bbox 1686 529 1786 575; x_wconf 80' lang='lat' dir='ltr'>vulgo</span> 
     </span>
     <span class='ocr_line' id='line_1_6' title="bbox 171 585 1788 638; baseline -0.002 -14"><span class='ocrx_word' id='word_1_41' title='bbox 171 588 435 638; x_wconf 68' lang='lat' dir='ltr'>sympliicarpca.</span> <span class='ocrx_word' id='word_1_42' title='bbox 462 608 512 613; x_wconf 88' lang='lat'>—-</span> <span class='ocrx_word' id='word_1_43' title='bbox 540 585 623 621; x_wconf 85' lang='lat' dir='ltr'>Asci</span> <span class='ocrx_word' id='word_1_44' title='bbox 650 585 979 627; x_wconf 80' lang='lat' dir='ltr'>subinflato-clavati,</span> <span class='ocrx_word' id='word_1_45' title='bbox 1008 586 1216 635; x_wconf 67' lang='lat' dir='ltr'>parapliyses</span> <span class='ocrx_word' id='word_1_46' title='bbox 1246 593 1379 630; x_wconf 82' lang='lat' dir='ltr'>tenues,</span> <span class='ocrx_word' id='word_1_47' title='bbox 1405 589 1501 636; x_wconf 82' lang='lat' dir='ltr'>apice</span> <span class='ocrx_word' id='word_1_48' title='bbox 1528 588 1645 622; x_wconf 85' lang='lat' dir='ltr'>leviter</span> <span class='ocrx_word' id='word_1_49' title='bbox 1664 588 1788 621; x_wconf 85' lang='lat' dir='ltr'>incras-</span> 
     </span>
     <span class='ocr_line' id='line_1_7' title="bbox 171 645 1788 694; baseline -0.002 -11"><span class='ocrx_word' id='word_1_50' title='bbox 171 654 276 688; x_wconf 80' lang='lat' dir='ltr'>satae,</span> <span class='ocrx_word' id='word_1_51' title='bbox 314 647 385 681; x_wconf 81' lang='lat' dir='ltr'>laxe</span> <span class='ocrx_word' id='word_1_52' title='bbox 426 645 660 686; x_wconf 77' lang='lat' dir='ltr'>cohaerentes;</span> <span class='ocrx_word' id='word_1_53' title='bbox 699 657 822 692; x_wconf 88' lang='lat' dir='ltr'>sporae</span> <span class='ocrx_word' id='word_1_54' title='bbox 860 657 923 679; x_wconf 83' lang='lat' dir='ltr'>una</span> <span class='ocrx_word' id='word_1_55' title='bbox 958 647 1043 680; x_wconf 90' lang='lat' dir='ltr'>serie</span> <span class='ocrx_word' id='word_1_56' title='bbox 1083 646 1281 693; x_wconf 79' lang='lat' dir='ltr'>dispositae,</span> <span class='ocrx_word' id='word_1_57' title='bbox 1311 646 1478 694; x_wconf 76' lang='lat' dir='ltr'>oblongae</span> <span class='ocrx_word' id='word_1_58' title='bbox 1507 647 1525 682; x_wconf 93' lang='lat' dir='ltr'>l.</span> <span class='ocrx_word' id='word_1_59' title='bbox 1555 645 1788 694; x_wconf 83' lang='lat' dir='ltr'>ellipsoideae,</span> 
     </span>
     <span class='ocr_line' id='line_1_8' title="bbox 168 703 1787 757; baseline -0.002 -15"><span class='ocrx_word' id='word_1_60' title='bbox 168 708 331 757; x_wconf 78' lang='lat' dir='ltr'>liyalinae,</span> <span class='ocrx_word' id='word_1_61' title='bbox 356 711 513 746; x_wconf 83' lang='lat' dir='ltr'>octonae,</span> <span class='ocrx_word' id='word_1_62' title='bbox 540 705 626 739; x_wconf 87' lang='lat' dir='ltr'>intus</span> <span class='ocrx_word' id='word_1_63' title='bbox 657 703 1003 751; x_wconf 78' lang='lat' dir='ltr'>oleoso-granulatae,</span> <span class='ocrx_word' id='word_1_64' title='bbox 1030 706 1202 752; x_wconf 85' lang='lat' dir='ltr'>episporio</span> <span class='ocrx_word' id='word_1_65' title='bbox 1227 706 1449 740; x_wconf 86' lang='lat' dir='ltr'>crassiusculo</span> <span class='ocrx_word' id='word_1_66' title='bbox 1464 707 1605 746; x_wconf 80' lang='lat' dir='ltr'>cinctae,</span> <span class='ocrx_word' id='word_1_67' title='bbox 1622 707 1787 743; x_wconf 70' lang='lat'>0016—‘22</span> 
     </span>
     <span class='ocr_line' id='line_1_9' title="bbox 168 763 879 812; baseline -0.01 -9"><span class='ocrx_word' id='word_1_68' title='bbox 168 781 242 802; x_wconf 86' lang='lat' dir='ltr'>mm.</span> <span class='ocrx_word' id='word_1_69' title='bbox 275 766 393 812; x_wconf 77' lang='lat' dir='ltr'>longae</span> <span class='ocrx_word' id='word_1_70' title='bbox 422 770 453 799; x_wconf 84' lang='lat' dir='ltr'>et</span> <span class='ocrx_word' id='word_1_71' title='bbox 479 764 654 805; x_wconf 62' lang='lat' dir='ltr'>Omns—10</span> <span class='ocrx_word' id='word_1_72' title='bbox 682 776 757 797; x_wconf 90' lang='lat' dir='ltr'>mm.</span> <span class='ocrx_word' id='word_1_73' title='bbox 785 763 879 798; x_wconf 83' lang='lat' dir='ltr'>latae.</span> 
     </span>
    </p>
   </div>
   <div class='ocr_carea' id='block_1_3' title="bbox 164 846 1786 1191">
    <p class='ocr_par' dir='ltr' id='par_1_3' title="bbox 164 846 1786 1191">
     <span class='ocr_line' id='line_1_10' title="bbox 315 846 1785 898; baseline -0.001 -14"><span class='ocrx_word' id='word_1_74' title='bbox 315 847 392 884; x_wconf 86' lang='lat' dir='ltr'>Var.</span> <span class='ocrx_word' id='word_1_75' title='bbox 415 855 446 895; x_wconf 81' lang='grc' dir='ltr'>β.</span> <span class='ocrx_word' id='word_1_76' title='bbox 474 861 536 896; x_wconf 87' lang='lat' dir='ltr'>pro</span> <span class='ocrx_word' id='word_1_77' title='bbox 569 846 721 882; x_wconf 80' lang='lat' dir='ltr'>distincta</span> <span class='ocrx_word' id='word_1_78' title='bbox 754 848 870 896; x_wconf 86' lang='lat' dir='ltr'>specie</span> <span class='ocrx_word' id='word_1_79' title='bbox 901 849 1051 896; x_wconf 82' lang='lat' dir='ltr'>primitus</span> <span class='ocrx_word' id='word_1_80' title='bbox 1087 848 1203 890; x_wconf 85' lang='lat' dir='ltr'>habui,</span> <span class='ocrx_word' id='word_1_81' title='bbox 1236 849 1297 885; x_wconf 89' lang='lat' dir='ltr'>sed</span> <span class='ocrx_word' id='word_1_82' title='bbox 1334 851 1515 898; x_wconf 81' lang='lat' dir='ltr'>specimina</span> <span class='ocrx_word' id='word_1_83' title='bbox 1542 849 1582 884; x_wconf 79' lang='lat' dir='ltr'>ad</span> <span class='ocrx_word' id='word_1_84' title='bbox 1610 848 1785 884; x_wconf 86' lang='lat' dir='ltr'>Mortens—</span> 
     </span>
     <span class='ocr_line' id='line_1_11' title="bbox 167 907 1785 957; baseline -0.002 -13"><span class='ocrx_word' id='word_1_85' title='bbox 167 923 246 945; x_wconf 87' lang='lat' dir='ltr'>naes</span> <span class='ocrx_word' id='word_1_86' title='bbox 274 909 412 944; x_wconf 83' lang='lat' dir='ltr'>collecta</span> <span class='ocrx_word' id='word_1_87' title='bbox 437 908 605 942; x_wconf 80' lang='lat' dir='ltr'>transitum</span> <span class='ocrx_word' id='word_1_88' title='bbox 631 907 662 941; x_wconf 92' lang='lat' dir='ltr'>in</span> <span class='ocrx_word' id='word_1_89' title='bbox 692 924 721 942; x_wconf 82' lang='grc' dir='ltr'>α.</span> <span class='ocrx_word' id='word_1_90' title='bbox 749 913 864 955; x_wconf 84' lang='lat' dir='ltr'>aperte</span> <span class='ocrx_word' id='word_1_91' title='bbox 891 907 1134 949; x_wconf 83' lang='lat' dir='ltr'>demonst1·ant;</span> <span class='ocrx_word' id='word_1_92' title='bbox 1160 909 1298 957; x_wconf 77' lang='lat' dir='ltr'>analoga</span> <span class='ocrx_word' id='word_1_93' title='bbox 1327 916 1378 945; x_wconf 86' lang='lat' dir='ltr'>est</span> <span class='ocrx_word' id='word_1_94' title='bbox 1402 923 1477 944; x_wconf 87' lang='lat' dir='ltr'>cum</span> <span class='ocrx_word' id='word_1_95' title='bbox 1506 910 1547 944; x_wconf 88' lang='lat' dir='ltr'>P.</span> <span class='ocrx_word' id='word_1_96' title='bbox 1573 908 1726 943; x_wconf 73' lang='lat' dir='ltr'>brunum</span> <span class='ocrx_word' id='word_1_97' title='bbox 1761 925 1785 952; x_wconf 83' lang='lat' dir='ltr'>y.</span> 
     </span>
     <span class='ocr_line' id='line_1_12' title="bbox 166 966 1785 1014; baseline -0.001 -11"><span class='ocrx_word' id='word_1_98' title='bbox 166 970 319 1003; x_wconf 78' lang='lat' dir='ltr'>demissa.</span> <span class='ocrx_word' id='word_1_99' title='bbox 373 967 473 1001; x_wconf 80' lang='lat' dir='ltr'>Locis</span> <span class='ocrx_word' id='word_1_100' title='bbox 500 967 606 1000; x_wconf 89' lang='lat' dir='ltr'>minus</span> <span class='ocrx_word' id='word_1_101' title='bbox 638 967 758 1013; x_wconf 88' lang='lat' dir='ltr'>apricis</span> <span class='ocrx_word' id='word_1_102' title='bbox 784 966 901 1002; x_wconf 85' lang='lat' dir='ltr'>thallus</span> <span class='ocrx_word' id='word_1_103' title='bbox 928 967 1080 1014; x_wconf 82' lang='lat' dir='ltr'>pallescit</span> <span class='ocrx_word' id='word_1_104' title='bbox 1110 974 1141 1002; x_wconf 91' lang='lat' dir='ltr'>et</span> <span class='ocrx_word' id='word_1_105' title='bbox 1171 969 1462 1004; x_wconf 78' lang='lat' dir='ltr'>castaneo-fuscus</span> <span class='ocrx_word' id='word_1_106' title='bbox 1488 969 1507 1004; x_wconf 94' lang='grc' dir='ltr'>Ι.</span> <span class='ocrx_word' id='word_1_107' title='bbox 1537 969 1691 1003; x_wconf 80' lang='lat' dir='ltr'>cervinus</span> <span class='ocrx_word' id='word_1_108' title='bbox 1708 980 1785 1002; x_wconf 87' lang='lat' dir='ltr'>eva—</span> 
     </span>
     <span class='ocr_line' id='line_1_13' title="bbox 166 1025 1785 1077; baseline -0.001 -15"><span class='ocrx_word' id='word_1_109' title='bbox 166 1028 229 1069; x_wconf 91' lang='lat' dir='ltr'>dit,</span> <span class='ocrx_word' id='word_1_110' title='bbox 270 1027 520 1075; x_wconf 83' lang='lat' dir='ltr'>apotheciorum</span> <span class='ocrx_word' id='word_1_111' title='bbox 561 1025 656 1059; x_wconf 83' lang='lat' dir='ltr'>color</span> <span class='ocrx_word' id='word_1_112' title='bbox 692 1025 725 1060; x_wconf 80' lang='lat' dir='ltr'>sit</span> <span class='ocrx_word' id='word_1_113' title='bbox 766 1026 882 1060; x_wconf 87' lang='lat' dir='ltr'>laetior</span> <span class='ocrx_word' id='word_1_114' title='bbox 923 1032 955 1061; x_wconf 91' lang='lat' dir='ltr'>et</span> <span class='ocrx_word' id='word_1_115' title='bbox 994 1027 1038 1061; x_wconf 88' lang='lat' dir='ltr'>P.</span> <span class='ocrx_word' id='word_1_116' title='bbox 1074 1028 1323 1076; x_wconf 66' lang='lat' dir='ltr'>triptoplzyllae</span> <span class='ocrx_word' id='word_1_117' title='bbox 1350 1028 1546 1070; x_wconf 77' lang='lat' dir='ltr'>subsimilis3</span> <span class='ocrx_word' id='word_1_118' title='bbox 1571 1026 1785 1077; x_wconf 72' lang='lat' dir='ltr'>hypotliallus</span> 
     </span>
     <span class='ocr_line' id='line_1_14' title="bbox 164 1084 1786 1134; baseline -0.001 -13"><span class='ocrx_word' id='word_1_119' title='bbox 164 1087 263 1134; x_wconf 85' lang='lat' dir='ltr'>vulgo</span> <span class='ocrx_word' id='word_1_120' title='bbox 303 1085 509 1120; x_wconf 85' lang='lat' dir='ltr'>indistinctus</span> <span class='ocrx_word' id='word_1_121' title='bbox 548 1084 711 1119; x_wconf 82' lang='lat' dir='ltr'>interdum</span> <span class='ocrx_word' id='word_1_122' title='bbox 751 1086 870 1120; x_wconf 83' lang='lat' dir='ltr'>eximie</span> <span class='ocrx_word' id='word_1_123' title='bbox 899 1087 1214 1133; x_wconf 83' lang='lat' dir='ltr'>spongioso-mollis</span> <span class='ocrx_word' id='word_1_124' title='bbox 1250 1094 1282 1122; x_wconf 85' lang='lat' dir='ltr'>et</span> <span class='ocrx_word' id='word_1_125' title='bbox 1310 1088 1547 1123; x_wconf 85' lang='lat' dir='ltr'>coerulescens</span> <span class='ocrx_word' id='word_1_126' title='bbox 1579 1088 1786 1122; x_wconf 85' lang='lat' dir='ltr'>observatur.</span> 
     </span>
     <span class='ocr_line' id='line_1_15' title="bbox 164 1143 1283 1191; baseline 0.001 -11"><span class='ocrx_word' id='word_1_127' title='bbox 164 1144 337 1181; x_wconf 75' lang='lat' dir='ltr'>structura</span> <span class='ocrx_word' id='word_1_128' title='bbox 365 1146 489 1179; x_wconf 86' lang='lat' dir='ltr'>interna</span> <span class='ocrx_word' id='word_1_129' title='bbox 518 1143 771 1191; x_wconf 85' lang='lat' dir='ltr'>apotheciorum</span> <span class='ocrx_word' id='word_1_130' title='bbox 799 1158 874 1179; x_wconf 86' lang='lat' dir='ltr'>cum</span> <span class='ocrx_word' id='word_1_131' title='bbox 902 1162 930 1180; x_wconf 72' lang='lat' dir='ltr'>a.</span> <span class='ocrx_word' id='word_1_132' title='bbox 957 1147 1089 1180; x_wconf 88' lang='lat' dir='ltr'>omnino</span> <span class='ocrx_word' id='word_1_133' title='bbox 1119 1148 1283 1181; x_wconf 84' lang='lat' dir='ltr'>convenit.</span> 
     </span>
    </p>
   </div>
   <div class='ocr_carea' id='block_1_4' title="bbox 161 1227 1785 1762">
    <p class='ocr_par' dir='ltr' id='par_1_4' title="bbox 161 1227 1785 1502">
     <span class='ocr_line' id='line_1_16' title="bbox 310 1227 1785 1278; baseline -0.001 -13"><span class='ocrx_word' id='word_1_134' title='bbox 310 1229 342 1265; x_wconf 85' lang='lat'>6.</span> <span class='ocrx_word' id='word_1_135' title='bbox 395 1230 439 1265; x_wconf 87' lang='grc' dir='ltr'>Ρ.</span> <span class='ocrx_word' id='word_1_136' title='bbox 477 1228 707 1276; x_wconf 73' lang='lat' dir='ltr'>microplzylla</span> <span class='ocrx_word' id='word_1_137' title='bbox 744 1228 876 1276; x_wconf 85' lang='lat' dir='ltr'>(Sw.):</span> <span class='ocrx_word' id='word_1_138' title='bbox 919 1227 1026 1264; x_wconf 88' lang='lat' dir='ltr'>thallo</span> <span class='ocrx_word' id='word_1_139' title='bbox 1062 1228 1580 1278; x_wconf 84' lang='lat' dir='ltr'>squamuloso-microphyllo‚</span> <span class='ocrx_word' id='word_1_140' title='bbox 1619 1229 1785 1265; x_wconf 81' lang='lat' dir='ltr'>cervino-</span> 
     </span>
     <span class='ocr_line' id='line_1_17' title="bbox 162 1286 1785 1338; baseline 0 -14"><span class='ocrx_word' id='word_1_141' title='bbox 162 1288 263 1324; x_wconf 87' lang='lat' dir='ltr'>fusco</span> <span class='ocrx_word' id='word_1_142' title='bbox 291 1287 310 1323; x_wconf 90' lang='lat' dir='ltr'>l.</span> <span class='ocrx_word' id='word_1_143' title='bbox 337 1286 632 1330; x_wconf 80' lang='lat' dir='ltr'>livido-cinereo,</span> <span class='ocrx_word' id='word_1_144' title='bbox 676 1287 872 1336; x_wconf 82' lang='lat' dir='ltr'>squamulis</span> <span class='ocrx_word' id='word_1_145' title='bbox 914 1287 1166 1337; x_wconf 79' lang='lat' dir='ltr'>cartilagineis,</span> <span class='ocrx_word' id='word_1_146' title='bbox 1203 1289 1373 1331; x_wconf 77' lang='lat' dir='ltr'>crematis,</span> <span class='ocrx_word' id='word_1_147' title='bbox 1397 1292 1618 1338; x_wconf 86' lang='lat' dir='ltr'>postremum</span> <span class='ocrx_word' id='word_1_148' title='bbox 1646 1289 1681 1324; x_wconf 86' lang='lat' dir='ltr'>in</span> <span class='ocrx_word' id='word_1_149' title='bbox 1706 1301 1785 1324; x_wconf 90' lang='lat' dir='ltr'>cru-</span> 
     </span>
     <span class='ocr_line' id='line_1_18' title="bbox 162 1346 1784 1397; baseline 0.001 -15"><span class='ocrx_word' id='word_1_150' title='bbox 162 1352 250 1383; x_wconf 89' lang='lat' dir='ltr'>stam</span> <span class='ocrx_word' id='word_1_151' title='bbox 293 1346 569 1397; x_wconf 85' lang='lat' dir='ltr'>subcontiguam</span> <span class='ocrx_word' id='word_1_152' title='bbox 614 1347 845 1396; x_wconf 84' lang='lat' dir='ltr'>granulosam</span> <span class='ocrx_word' id='word_1_153' title='bbox 884 1346 1071 1390; x_wconf 85' lang='lat' dir='ltr'>confertis,</span> <span class='ocrx_word' id='word_1_154' title='bbox 1108 1347 1320 1397; x_wconf 81' lang='lat' dir='ltr'>hypothallo</span> <span class='ocrx_word' id='word_1_155' title='bbox 1352 1348 1545 1389; x_wconf 85' lang='lat' dir='ltr'>fibrilloso,</span> <span class='ocrx_word' id='word_1_156' title='bbox 1571 1347 1784 1394; x_wconf 70' lang='lat' dir='ltr'>nigricante:</span> 
     </span>
     <span class='ocr_line' id='line_1_19' title="bbox 161 1405 1785 1457; baseline 0 -16"><span class='ocrx_word' id='word_1_157' title='bbox 161 1405 357 1455; x_wconf 84' lang='lat' dir='ltr'>apotheciis</span> <span class='ocrx_word' id='word_1_158' title='bbox 396 1418 485 1442; x_wconf 85' lang='lat' dir='ltr'>mox</span> <span class='ocrx_word' id='word_1_159' title='bbox 520 1406 713 1448; x_wconf 84' lang='lat' dir='ltr'>convexis,</span> <span class='ocrx_word' id='word_1_160' title='bbox 746 1405 1049 1455; x_wconf 82' lang='lat' dir='ltr'>superficialibus,</span> <span class='ocrx_word' id='word_1_161' title='bbox 1079 1407 1180 1443; x_wconf 84' lang='lat' dir='ltr'>disco</span> <span class='ocrx_word' id='word_1_162' title='bbox 1205 1407 1450 1457; x_wconf 86' lang='lat' dir='ltr'>fusco-nigro,</span> <span class='ocrx_word' id='word_1_163' title='bbox 1480 1407 1678 1456; x_wconf 79' lang='lat' dir='ltr'>marginem</span> <span class='ocrx_word' id='word_1_164' title='bbox 1708 1419 1785 1442; x_wconf 86' lang='lat' dir='ltr'>cre-</span> 
     </span>
     <span class='ocr_line' id='line_1_20' title="bbox 161 1465 574 1502; baseline -0.005 0"><span class='ocrx_word' id='word_1_165' title='bbox 161 1466 316 1502; x_wconf 80' lang='lat' dir='ltr'>nulatum</span> <span class='ocrx_word' id='word_1_166' title='bbox 344 1465 574 1501; x_wconf 81' lang='lat' dir='ltr'>excludente.</span> 
     </span>
    </p>

    <p class='ocr_par' dir='ltr' id='par_1_5' title="bbox 210 1533 1785 1762">
     <span class='ocr_line' id='line_1_21' title="bbox 311 1533 1781 1584; baseline -0.001 -15"><span class='ocrx_word' id='word_1_167' title='bbox 311 1533 406 1584; x_wconf 85' lang='lat' dir='ltr'>Syn.</span> <span class='ocrx_word' id='word_1_168' title='bbox 456 1533 641 1569; x_wconf 78' lang='lat' dir='ltr'>Lecanora</span> <span class='ocrx_word' id='word_1_169' title='bbox 680 1533 908 1583; x_wconf 69' lang='lat' dir='ltr'>microplzylla</span> <span class='ocrx_word' id='word_1_170' title='bbox 949 1534 1052 1570; x_wconf 80' lang='lat' dir='ltr'>Ach.</span> <span class='ocrx_word' id='word_1_171' title='bbox 1088 1533 1189 1570; x_wconf 83' lang='lat' dir='ltr'>Univ.</span> <span class='ocrx_word' id='word_1_172' title='bbox 1220 1549 1252 1584; x_wconf 89' lang='lat' dir='ltr'>p.</span> <span class='ocrx_word' id='word_1_173' title='bbox 1286 1534 1360 1569; x_wconf 76' lang='lat'>420</span> <span class='ocrx_word' id='word_1_174' title='bbox 1387 1535 1488 1583; x_wconf 86' lang='lat' dir='ltr'>(excl.</span> <span class='ocrx_word' id='word_1_175' title='bbox 1519 1549 1592 1584; x_wconf 78' lang='lat' dir='ltr'>syn.</span> <span class='ocrx_word' id='word_1_176' title='bbox 1620 1537 1707 1581; x_wconf 88' lang='lat' dir='ltr'>var.)</span> <span class='ocrx_word' id='word_1_177' title='bbox 1737 1553 1781 1558; x_wconf 81' lang='lat'>-—</span> 
     </span>
     <span class='ocr_line' id='line_1_22' title="bbox 210 1592 1785 1644; baseline -0.002 -15"><span class='ocrx_word' id='word_1_178' title='bbox 210 1594 359 1630; x_wconf 67' lang='lat' dir='ltr'>Leciclea</span> <span class='ocrx_word' id='word_1_179' title='bbox 398 1592 499 1629; x_wconf 84' lang='lat' dir='ltr'>Ach.</span> <span class='ocrx_word' id='word_1_180' title='bbox 542 1592 626 1642; x_wconf 81' lang='lat' dir='ltr'>Syn.</span> <span class='ocrx_word' id='word_1_181' title='bbox 662 1607 693 1641; x_wconf 86' lang='lat' dir='ltr'>p.</span> <span class='ocrx_word' id='word_1_182' title='bbox 729 1593 776 1629; x_wconf 82' lang='lat'>53</span> <span class='ocrx_word' id='word_1_183' title='bbox 818 1595 878 1639; x_wconf 75' lang='lat' dir='ltr'>(u),</span> <span class='ocrx_word' id='word_1_184' title='bbox 922 1593 1078 1643; x_wconf 56' lang='lat' dir='ltr'>Vang..</span> <span class='ocrx_word' id='word_1_185' title='bbox 1111 1594 1219 1644; x_wconf 85' lang='lat' dir='ltr'>Lapp.</span> <span class='ocrx_word' id='word_1_186' title='bbox 1257 1608 1289 1643; x_wconf 91' lang='lat' dir='ltr'>p.</span> <span class='ocrx_word' id='word_1_187' title='bbox 1317 1593 1391 1630; x_wconf 83' lang='lat'>478</span> <span class='ocrx_word' id='word_1_188' title='bbox 1434 1594 1534 1641; x_wconf 77' lang='lat' dir='ltr'>(excl.</span> <span class='ocrx_word' id='word_1_189' title='bbox 1570 1596 1614 1640; x_wconf 73' lang='grc' dir='ltr'>β),</span> <span class='ocrx_word' id='word_1_190' title='bbox 1650 1592 1785 1627; x_wconf 81' lang='lat' dir='ltr'>Smrft.</span> 
     </span>
     <span class='ocr_line' id='line_1_23' title="bbox 211 1651 1783 1703; baseline -0.001 -15"><span class='ocrx_word' id='word_1_191' title='bbox 211 1652 329 1703; x_wconf 88' lang='lat' dir='ltr'>Suppl.</span> <span class='ocrx_word' id='word_1_192' title='bbox 354 1667 386 1701; x_wconf 89' lang='lat' dir='ltr'>p.</span> <span class='ocrx_word' id='word_1_193' title='bbox 419 1652 487 1688; x_wconf 83' lang='lat'>173</span> <span class='ocrx_word' id='word_1_194' title='bbox 514 1654 577 1700; x_wconf 87' lang='grc' dir='ltr'>(α),</span> <span class='ocrx_word' id='word_1_195' title='bbox 605 1651 774 1688; x_wconf 83' lang='lat' dir='ltr'>Schaer.</span> <span class='ocrx_word' id='word_1_196' title='bbox 802 1653 922 1688; x_wconf 90' lang='lat' dir='ltr'>Enum.</span> <span class='ocrx_word' id='word_1_197' title='bbox 949 1667 982 1702; x_wconf 86' lang='lat' dir='ltr'>p.</span> <span class='ocrx_word' id='word_1_198' title='bbox 1011 1654 1058 1688; x_wconf 77' lang='grc'>98</span> <span class='ocrx_word' id='word_1_199' title='bbox 1083 1676 1134 1680; x_wconf 88' lang='grc'><strong>-</strong></span> <span class='ocrx_word' id='word_1_200' title='bbox 1158 1654 1336 1689; x_wconf 74' lang='lat' dir='ltr'>Parmelia</span> <span class='ocrx_word' id='word_1_201' title='bbox 1362 1653 1428 1689; x_wconf 85' lang='lat' dir='ltr'>Fr.</span> <span class='ocrx_word' id='word_1_202' title='bbox 1458 1652 1498 1688; x_wconf 91' lang='lat' dir='ltr'>L.</span> <span class='ocrx_word' id='word_1_203' title='bbox 1524 1652 1566 1688; x_wconf 86' lang='grc' dir='ltr'>Ε.</span> <span class='ocrx_word' id='word_1_204' title='bbox 1600 1668 1630 1702; x_wconf 85' lang='lat' dir='ltr'>p.</span> <span class='ocrx_word' id='word_1_205' title='bbox 1658 1653 1715 1687; x_wconf 74' lang='lat'>91.</span> <span class='ocrx_word' id='word_1_206' title='bbox 1740 1674 1783 1678; x_wconf 95' lang='lat'>—</span> 
     </span>
     <span class='ocr_line' id='line_1_24' title="bbox 210 1710 1341 1762; baseline 0.002 -15"><span class='ocrx_word' id='word_1_207' title='bbox 210 1714 396 1748; x_wconf 74' lang='lat' dir='ltr'>Pannaria</span> <span class='ocrx_word' id='word_1_208' title='bbox 423 1711 552 1748; x_wconf 85' lang='lat' dir='ltr'>Mass.</span> <span class='ocrx_word' id='word_1_209' title='bbox 583 1710 682 1747; x_wconf 86' lang='lat' dir='ltr'>Rich.</span> <span class='ocrx_word' id='word_1_210' title='bbox 710 1726 743 1760; x_wconf 87' lang='lat' dir='ltr'>p.</span> <span class='ocrx_word' id='word_1_211' title='bbox 777 1713 857 1755; x_wconf 72' lang='lat'>112,</span> <span class='ocrx_word' id='word_1_212' title='bbox 885 1713 1044 1749; x_wconf 84' lang='lat' dir='ltr'>Koerb.</span> <span class='ocrx_word' id='word_1_213' title='bbox 1074 1712 1165 1762; x_wconf 82' lang='lat' dir='ltr'>Syst.</span> <span class='ocrx_word' id='word_1_214' title='bbox 1196 1727 1230 1762; x_wconf 89' lang='lat' dir='ltr'>p.</span> <span class='ocrx_word' id='word_1_215' title='bbox 1261 1713 1341 1749; x_wconf 87' lang='lat'>106.</span> 
     </span>
    </p>
   </div>
   <div class='ocr_carea' id='block_1_5' title="bbox 210 1779 1787 1876">
    <p class='ocr_par' dir='ltr' id='par_1_6' title="bbox 210 1779 1787 1876">
     <span class='ocr_line' id='line_1_25' title="bbox 307 1779 1787 1816; baseline -0.002 0"><span class='ocrx_word' id='word_1_216' title='bbox 307 1780 405 1816; x_wconf 87' lang='lat' dir='ltr'>Exs.</span> <span class='ocrx_word' id='word_1_217' title='bbox 461 1779 502 1816; x_wconf 94' lang='lat' dir='ltr'>L.</span> <span class='ocrx_word' id='word_1_218' title='bbox 531 1779 591 1816; x_wconf 89' lang='lat' dir='ltr'>Su.</span> <span class='ocrx_word' id='word_1_219' title='bbox 620 1795 650 1815; x_wconf 91' lang='lat' dir='ltr'>n.</span> <span class='ocrx_word' id='word_1_220' title='bbox 688 1780 769 1815; x_wconf 87' lang='lat'>158.</span> <span class='ocrx_word' id='word_1_221' title='bbox 810 1802 860 1808; x_wconf 88' lang='lat'><strong>—</strong></span> <span class='ocrx_word' id='word_1_222' title='bbox 898 1780 1070 1816; x_wconf 84' lang='lat' dir='ltr'>Schaer.</span> <span class='ocrx_word' id='word_1_223' title='bbox 1108 1795 1138 1816; x_wconf 93' lang='lat' dir='ltr'>n.</span> <span class='ocrx_word' id='word_1_224' title='bbox 1179 1781 1260 1816; x_wconf 83' lang='lat'>161.</span> <span class='ocrx_word' id='word_1_225' title='bbox 1308 1802 1353 1810; x_wconf 87' lang='lat'>--</span> <span class='ocrx_word' id='word_1_226' title='bbox 1396 1779 1534 1816; x_wconf 82' lang='lat' dir='ltr'>Smrft.</span> <span class='ocrx_word' id='word_1_227' title='bbox 1573 1794 1603 1814; x_wconf 93' lang='lat' dir='ltr'>n.</span> <span class='ocrx_word' id='word_1_228' title='bbox 1638 1779 1696 1813; x_wconf 75' lang='lat'>42.</span> <span class='ocrx_word' id='word_1_229' title='bbox 1737 1800 1787 1805; x_wconf 91' lang='lat'>—</span> 
     </span>
     <span class='ocr_line' id='line_1_26' title="bbox 210 1839 482 1876; baseline 0.004 -1"><span class='ocrx_word' id='word_1_230' title='bbox 210 1839 340 1875; x_wconf 87' lang='lat' dir='ltr'>Rbnh.</span> <span class='ocrx_word' id='word_1_231' title='bbox 366 1854 397 1876; x_wconf 89' lang='lat' dir='ltr'>n.</span> <span class='ocrx_word' id='word_1_232' title='bbox 426 1839 482 1876; x_wconf 83' lang='lat'>79.</span> 
     </span>
    </p>
   </div>
   <div class='ocr_carea' id='block_1_6' title="bbox 161 1930 1785 2522">
    <p class='ocr_par' dir='ltr' id='par_1_7' title="bbox 161 1930 1784 2041">
     <span class='ocr_line' id='line_1_27' title="bbox 307 1930 1784 1983; baseline -0.002 -14"><span class='ocrx_word' id='word_1_233' title='bbox 307 1933 368 1969; x_wconf 93' lang='lat' dir='ltr'>Ad</span> <span class='ocrx_word' id='word_1_234' title='bbox 396 1933 552 1982; x_wconf 85' lang='lat' dir='ltr'>parietes</span> <span class='ocrx_word' id='word_1_235' title='bbox 579 1933 722 1982; x_wconf 77' lang='lat' dir='ltr'>rupium</span> <span class='ocrx_word' id='word_1_236' title='bbox 751 1933 917 1983; x_wconf 74' lang='lat' dir='ltr'>irrigatos</span> <span class='ocrx_word' id='word_1_237' title='bbox 944 1945 1010 1981; x_wconf 86' lang='lat' dir='ltr'>per</span> <span class='ocrx_word' id='word_1_238' title='bbox 1033 1937 1144 1969; x_wconf 85' lang='lat' dir='ltr'>totam</span> <span class='ocrx_word' id='word_1_239' title='bbox 1171 1932 1360 1983; x_wconf 81' lang='lat' dir='ltr'>regionem</span> <span class='ocrx_word' id='word_1_240' title='bbox 1391 1930 1688 1969; x_wconf 82' lang='lat' dir='ltr'>Scandinavicam</span> <span class='ocrx_word' id='word_1_241' title='bbox 1704 1943 1784 1979; x_wconf 85' lang='lat' dir='ltr'>pas-</span> 
     </span>
     <span class='ocr_line' id='line_1_28' title="bbox 161 1992 432 2041; baseline 0.007 -14"><span class='ocrx_word' id='word_1_242' title='bbox 161 1992 226 2028; x_wconf 89' lang='lat' dir='ltr'>sim</span> <span class='ocrx_word' id='word_1_243' title='bbox 252 1992 432 2041; x_wconf 87' lang='lat' dir='ltr'>frequens.</span> 
     </span>
    </p>

    <p class='ocr_par' dir='ltr' id='par_1_8' title="bbox 161 2059 1785 2522">
     <span class='ocr_line' id='line_1_29' title="bbox 310 2059 1784 2109; baseline -0.002 -13"><span class='ocrx_word' id='word_1_244' title='bbox 310 2060 459 2109; x_wconf 85' lang='lat' dir='ltr'>Ingenue</span> <span class='ocrx_word' id='word_1_245' title='bbox 484 2062 598 2103; x_wconf 81' lang='lat' dir='ltr'>fateor,</span> <span class='ocrx_word' id='word_1_246' title='bbox 627 2061 843 2096; x_wconf 84' lang='lat' dir='ltr'>differentiam</span> <span class='ocrx_word' id='word_1_247' title='bbox 870 2061 1062 2108; x_wconf 80' lang='lat' dir='ltr'>specificam</span> <span class='ocrx_word' id='word_1_248' title='bbox 1090 2075 1107 2096; x_wconf 90' lang='lat' dir='ltr'>a</span> <span class='ocrx_word' id='word_1_249' title='bbox 1134 2067 1297 2109; x_wconf 85' lang='lat' dir='ltr'>sequente</span> <span class='ocrx_word' id='word_1_250' title='bbox 1328 2060 1405 2095; x_wconf 87' lang='lat' dir='ltr'>mihi</span> <span class='ocrx_word' id='word_1_251' title='bbox 1431 2073 1497 2095; x_wconf 91' lang='lat' dir='ltr'>non</span> <span class='ocrx_word' id='word_1_252' title='bbox 1526 2060 1603 2094; x_wconf 84' lang='lat' dir='ltr'>satis</span> <span class='ocrx_word' id='word_1_253' title='bbox 1625 2072 1701 2094; x_wconf 86' lang='lat' dir='ltr'>esse</span> <span class='ocrx_word' id='word_1_254' title='bbox 1717 2059 1784 2093; x_wconf 86' lang='lat' dir='ltr'>cla-</span> 
     </span>
     <span class='ocr_line' id='line_1_30' title="bbox 163 2118 1783 2169; baseline 0 -17"><span class='ocrx_word' id='word_1_255' title='bbox 163 2131 249 2161; x_wconf 86' lang='lat' dir='ltr'>ram·‚</span> <span class='ocrx_word' id='word_1_256' title='bbox 274 2120 398 2156; x_wconf 81' lang='lat' dir='ltr'>formae</span> <span class='ocrx_word' id='word_1_257' title='bbox 429 2123 601 2169; x_wconf 86' lang='lat' dir='ltr'>utriusque</span> <span class='ocrx_word' id='word_1_258' title='bbox 630 2122 756 2168; x_wconf 84' lang='lat' dir='ltr'>optime</span> <span class='ocrx_word' id='word_1_259' title='bbox 791 2120 945 2155; x_wconf 78' lang='lat' dir='ltr'>evolutae</span> <span class='ocrx_word' id='word_1_260' title='bbox 975 2121 1068 2156; x_wconf 81' lang='lat' dir='ltr'>l&#39;acile</span> <span class='ocrx_word' id='word_1_261' title='bbox 1097 2120 1231 2168; x_wconf 85' lang='lat' dir='ltr'>quidem</span> <span class='ocrx_word' id='word_1_262' title='bbox 1261 2120 1513 2167; x_wconf 84' lang='lat' dir='ltr'>distinguuntur,</span> <span class='ocrx_word' id='word_1_263' title='bbox 1540 2118 1601 2153; x_wconf 90' lang='lat' dir='ltr'>sed</span> <span class='ocrx_word' id='word_1_264' title='bbox 1628 2119 1783 2153; x_wconf 86' lang='lat' dir='ltr'>interme-</span> 
     </span>
     <span class='ocr_line' id='line_1_31' title="bbox 163 2176 1783 2228; baseline 0.001 -17"><span class='ocrx_word' id='word_1_265' title='bbox 163 2176 234 2213; x_wconf 84' lang='lat' dir='ltr'>diae</span> <span class='ocrx_word' id='word_1_266' title='bbox 266 2192 367 2228; x_wconf 83' lang='lat' dir='ltr'>saepe</span> <span class='ocrx_word' id='word_1_267' title='bbox 400 2180 606 2215; x_wconf 79' lang='lat' dir='ltr'>difficillimae</span> <span class='ocrx_word' id='word_1_268' title='bbox 644 2185 728 2214; x_wconf 90' lang='lat' dir='ltr'>sunt.</span> <span class='ocrx_word' id='word_1_269' title='bbox 789 2177 825 2213; x_wconf 94' lang='lat' dir='ltr'>In</span> <span class='ocrx_word' id='word_1_270' title='bbox 860 2193 1035 2227; x_wconf 78' lang='lat' dir='ltr'>sperarum</span> <span class='ocrx_word' id='word_1_271' title='bbox 1074 2179 1178 2214; x_wconf 78' lang='lat' dir='ltr'>forma</span> <span class='ocrx_word' id='word_1_272' title='bbox 1210 2180 1318 2227; x_wconf 86' lang='lat' dir='ltr'>aliqua</span> <span class='ocrx_word' id='word_1_273' title='bbox 1349 2178 1483 2227; x_wconf 89' lang='lat' dir='ltr'>quidem</span> <span class='ocrx_word' id='word_1_274' title='bbox 1506 2178 1636 2214; x_wconf 84' lang='lat' dir='ltr'>videtur</span> <span class='ocrx_word' id='word_1_275' title='bbox 1663 2177 1783 2213; x_wconf 84' lang='lat' dir='ltr'>adesse</span> 
     </span>
     <span class='ocr_line' id='line_1_32' title="bbox 163 2236 1783 2286; baseline 0 -15"><span class='ocrx_word' id='word_1_276' title='bbox 163 2236 358 2281; x_wconf 83' lang='lat' dir='ltr'>differentia,</span> <span class='ocrx_word' id='word_1_277' title='bbox 383 2240 436 2274; x_wconf 83' lang='lat' dir='ltr'>vix</span> <span class='ocrx_word' id='word_1_278' title='bbox 464 2245 572 2274; x_wconf 84' lang='lat' dir='ltr'>tamen</span> <span class='ocrx_word' id='word_1_279' title='bbox 599 2245 702 2280; x_wconf 85' lang='lat' dir='ltr'>tanta,</span> <span class='ocrx_word' id='word_1_280' title='bbox 732 2244 886 2286; x_wconf 88' lang='lat' dir='ltr'>quantam</span> <span class='ocrx_word' id='word_1_281' title='bbox 917 2239 1011 2274; x_wconf 83' lang='lat' dir='ltr'>affert</span> <span class='ocrx_word' id='word_1_282' title='bbox 1040 2238 1112 2274; x_wconf 85' lang='lat' dir='ltr'>Cel.</span> <span class='ocrx_word' id='word_1_283' title='bbox 1141 2238 1340 2274; x_wconf 83' lang='lat' dir='ltr'>Koerber</span> <span class='ocrx_word' id='word_1_284' title='bbox 1365 2239 1422 2285; x_wconf 88' lang='lat' dir='ltr'>(P.</span> <span class='ocrx_word' id='word_1_285' title='bbox 1451 2237 1696 2286; x_wconf 73' lang='lat' dir='ltr'>micropleyllae</span> <span class='ocrx_word' id='word_1_286' title='bbox 1713 2238 1783 2272; x_wconf 89' lang='lat' dir='ltr'>lati-</span> 
     </span>
     <span class='ocr_line' id='line_1_33' title="bbox 162 2295 1785 2347; baseline 0.001 -17"><span class='ocrx_word' id='word_1_287' title='bbox 162 2295 304 2332; x_wconf 81' lang='lat' dir='ltr'>tudinem</span> <span class='ocrx_word' id='word_1_288' title='bbox 331 2299 422 2340; x_wconf 81' lang='lat'>0‚003</span> <span class='ocrx_word' id='word_1_289' title='bbox 451 2312 539 2340; x_wconf 68' lang='lat' dir='ltr'>mm„</span> <span class='ocrx_word' id='word_1_290' title='bbox 565 2298 613 2334; x_wconf 88' lang='lat' dir='ltr'>P.</span> <span class='ocrx_word' id='word_1_291' title='bbox 637 2298 885 2347; x_wconf 70' lang='lat' dir='ltr'>triptoplcy‘llae</span> <span class='ocrx_word' id='word_1_292' title='bbox 912 2298 1004 2340; x_wconf 80' lang='lat' dir='ltr'>0,00s,</span> <span class='ocrx_word' id='word_1_293' title='bbox 1034 2312 1109 2334; x_wconf 90' lang='lat' dir='ltr'>mm.</span> <span class='ocrx_word' id='word_1_294' title='bbox 1140 2299 1278 2346; x_wconf 90' lang='lat' dir='ltr'>tribuit),</span> <span class='ocrx_word' id='word_1_295' title='bbox 1305 2311 1379 2333; x_wconf 82' lang='lat' dir='ltr'>nam</span> <span class='ocrx_word' id='word_1_296' title='bbox 1404 2298 1435 2332; x_wconf 89' lang='lat' dir='ltr'>in</span> <span class='ocrx_word' id='word_1_297' title='bbox 1462 2298 1560 2333; x_wconf 85' lang='lat' dir='ltr'>bonis</span> <span class='ocrx_word' id='word_1_298' title='bbox 1586 2297 1684 2345; x_wconf 85' lang='lat' dir='ltr'>hujus</span> <span class='ocrx_word' id='word_1_299' title='bbox 1707 2310 1785 2344; x_wconf 85' lang='lat' dir='ltr'>spe-</span> 
     </span>
     <span class='ocr_line' id='line_1_34' title="bbox 162 2355 1782 2406; baseline 0.001 -17"><span class='ocrx_word' id='word_1_300' title='bbox 162 2355 223 2389; x_wconf 87' lang='lat' dir='ltr'>ciei</span> <span class='ocrx_word' id='word_1_301' title='bbox 255 2357 491 2403; x_wconf 88' lang='lat' dir='ltr'>speciminibus</span> <span class='ocrx_word' id='word_1_302' title='bbox 525 2371 644 2405; x_wconf 87' lang='lat' dir='ltr'>sporas</span> <span class='ocrx_word' id='word_1_303' title='bbox 678 2357 744 2392; x_wconf 88' lang='lat' dir='ltr'>vidi</span> <span class='ocrx_word' id='word_1_304' title='bbox 779 2358 945 2405; x_wconf 88' lang='lat' dir='ltr'>oblongas</span> <span class='ocrx_word' id='word_1_305' title='bbox 978 2358 997 2393; x_wconf 95' lang='lat' dir='ltr'>l.</span> <span class='ocrx_word' id='word_1_306' title='bbox 1034 2357 1436 2406; x_wconf 83' lang='lat' dir='ltr'>oblongo-ellipsoideas‚</span> <span class='ocrx_word' id='word_1_307' title='bbox 1471 2357 1640 2399; x_wconf 83' lang='lat' dir='ltr'>limbatas,</span> <span class='ocrx_word' id='word_1_308' title='bbox 1676 2356 1782 2405; x_wconf 86' lang='lat' dir='ltr'>hyali-</span> 
     </span>
     <span class='ocr_line' id='line_1_35' title="bbox 161 2415 1785 2464; baseline -0.004 -9"><span class='ocrx_word' id='word_1_309' title='bbox 161 2427 234 2456; x_wconf 77' lang='lat' dir='ltr'>nas,</span> <span class='ocrx_word' id='word_1_310' title='bbox 277 2415 450 2457; x_wconf 62' lang='lat' dir='ltr'>(Luto-13</span> <span class='ocrx_word' id='word_1_311' title='bbox 490 2429 569 2450; x_wconf 80' lang='lat' dir='ltr'>mm.</span> <span class='ocrx_word' id='word_1_312' title='bbox 608 2417 725 2464; x_wconf 85' lang='lat' dir='ltr'>longas</span> <span class='ocrx_word' id='word_1_313' title='bbox 754 2422 786 2451; x_wconf 90' lang='lat' dir='ltr'>et</span> <span class='ocrx_word' id='word_1_314' title='bbox 813 2417 967 2458; x_wconf 74' lang='lat'>0,004—5</span> <span class='ocrx_word' id='word_1_315' title='bbox 996 2431 1073 2452; x_wconf 92' lang='lat' dir='ltr'>mm.</span> <span class='ocrx_word' id='word_1_316' title='bbox 1106 2417 1204 2460; x_wconf 81' lang='lat' dir='ltr'>latas3</span> <span class='ocrx_word' id='word_1_317' title='bbox 1232 2418 1300 2453; x_wconf 86' lang='lat' dir='ltr'>asci</span> <span class='ocrx_word' id='word_1_318' title='bbox 1328 2423 1404 2453; x_wconf 90' lang='lat' dir='ltr'>sunt</span> <span class='ocrx_word' id='word_1_319' title='bbox 1433 2416 1567 2459; x_wconf 88' lang='lat' dir='ltr'>clavati,</span> <span class='ocrx_word' id='word_1_320' title='bbox 1592 2417 1785 2463; x_wconf 86' lang='lat' dir='ltr'>octospori,</span> 
     </span>
     <span class='ocr_line' id='line_1_36' title="bbox 162 2472 933 2522; baseline 0.004 -15"><span class='ocrx_word' id='word_1_321' title='bbox 162 2472 366 2522; x_wconf 83' lang='lat' dir='ltr'>paraphyses</span> <span class='ocrx_word' id='word_1_322' title='bbox 392 2474 463 2510; x_wconf 84' lang='lat' dir='ltr'>laxe</span> <span class='ocrx_word' id='word_1_323' title='bbox 492 2475 728 2518; x_wconf 84' lang='lat' dir='ltr'>cohaerentes,</span> <span class='ocrx_word' id='word_1_324' title='bbox 754 2475 933 2510; x_wconf 86' lang='lat' dir='ltr'>filisormes.</span> 
     </span>
    </p>
   </div>
   <div class='ocr_carea' id='block_1_7' title="bbox 163 2556 1782 2668">
    <p class='ocr_par' dir='ltr' id='par_1_9' title="bbox 163 2556 1782 2668">
     <span class='ocr_line' id='line_1_37' title="bbox 312 2556 1781 2609; baseline -0.001 -16"><span class='ocrx_word' id='word_1_325' title='bbox 312 2556 390 2594; x_wconf 88' lang='lat' dir='ltr'>Hoc</span> <span class='ocrx_word' id='word_1_326' title='bbox 416 2559 492 2594; x_wconf 87' lang='lat' dir='ltr'>loco</span> <span class='ocrx_word' id='word_1_327' title='bbox 518 2560 632 2609; x_wconf 81' lang='lat' dir='ltr'>paucis</span> <span class='ocrx_word' id='word_1_328' title='bbox 657 2559 832 2595; x_wconf 86' lang='lat' dir='ltr'>indicanda</span> <span class='ocrx_word' id='word_1_329' title='bbox 857 2566 907 2595; x_wconf 90' lang='lat' dir='ltr'>est</span> <span class='ocrx_word' id='word_1_330' title='bbox 935 2561 1140 2596; x_wconf 80' lang='lat' dir='ltr'>Pannariae</span> <span class='ocrx_word' id='word_1_331' title='bbox 1173 2562 1322 2609; x_wconf 85' lang='lat' dir='ltr'>species,</span> <span class='ocrx_word' id='word_1_332' title='bbox 1348 2573 1448 2607; x_wconf 87' lang='lat' dir='ltr'>quam</span> <span class='ocrx_word' id='word_1_333' title='bbox 1475 2559 1621 2594; x_wconf 87' lang='lat' dir='ltr'>sterilem</span> <span class='ocrx_word' id='word_1_334' title='bbox 1647 2559 1711 2606; x_wconf 86' lang='lat' dir='ltr'>legi</span> <span class='ocrx_word' id='word_1_335' title='bbox 1739 2557 1781 2592; x_wconf 89' lang='lat' dir='ltr'>ad</span> 
     </span>
     <span class='ocr_line' id='line_1_38' title="bbox 163 2615 1782 2668; baseline 0 -18"><span class='ocrx_word' id='word_1_336' title='bbox 163 2615 307 2652; x_wconf 82' lang='lat' dir='ltr'>Potmak</span> <span class='ocrx_word' id='word_1_337' title='bbox 336 2616 547 2653; x_wconf 83' lang='lat' dir='ltr'>Finmarkiae</span> <span class='ocrx_word' id='word_1_338' title='bbox 579 2618 745 2654; x_wconf 86' lang='lat' dir='ltr'>orientalis</span> <span class='ocrx_word' id='word_1_339' title='bbox 776 2631 875 2668; x_wconf 84' lang='lat' dir='ltr'>supra</span> <span class='ocrx_word' id='word_1_340' title='bbox 908 2631 1044 2653; x_wconf 86' lang='lat' dir='ltr'>muscos</span> <span class='ocrx_word' id='word_1_341' title='bbox 1072 2618 1114 2653; x_wconf 83' lang='lat' dir='ltr'>ad</span> <span class='ocrx_word' id='word_1_342' title='bbox 1139 2619 1239 2654; x_wconf 87' lang='lat' dir='ltr'>latera</span> <span class='ocrx_word' id='word_1_343' title='bbox 1267 2620 1426 2653; x_wconf 87' lang='lat' dir='ltr'>montium</span> <span class='ocrx_word' id='word_1_344' title='bbox 1453 2619 1586 2665; x_wconf 85' lang='lat' dir='ltr'>irrigua.</span> <span class='ocrx_word' id='word_1_345' title='bbox 1640 2616 1782 2663; x_wconf 86' lang='lat' dir='ltr'>Insignis</span> 
     </span>
    </p>
   </div>
  </div>
 </body>
</html>
