2379 3188
1674 277 1760 318 105

190 389 400 426 tentriouem
439 389 615 434 spectant,
652 387 769 432 potest
810 382 906 418 idem
949 381 1142 418 transferri.
1212 380 1301 417 Nam
1341 379 1398 416 hic
1426 394 1539 429 penes
1567 381 1727 418 lichenes
1757 389 1811 419 cst

189 447 418 497 principatus:
460 443 665 491 ''Lapponia
694 455 733 477 re
763 454 848 476 vera
879 446 932 476 est
960 440 1140 476 lichenum
1174 440 1283 488 patria
1312 444 1347 475 et
1373 439 1532 475 lichenes
1563 439 1718 476 ultimam
1749 455 1810 477 ve-

188 504 404 550 getationem
433 503 466 537 in
497 501 614 537 ultima
644 507 737 536 terra
764 500 1003 535 constituunt*
1033 500 1207 547 (U'nhg.)
1265 498 1393 533 Omnis
1416 498 1522 542 igitur
1547 498 1679 534 Florae
1707 502 1810 536 arcti—

188 576 252 599 cae
283 561 478 610 expositio,
509 560 574 595 nisi
601 559 759 594 lichenes
791 571 938 607 quoque
972 559 1131 606 respicit,
1161 571 1232 593 11011
1262 557 1379 592 solum
1412 569 1537 592 manca
1564 563 1632 599 est,
1664 559 1730 594 sed
1750 559 1810 594 fal-

187 633 226 657 sa
263 621 410 667 insuper
444 626 478 654 et
517 630 681 653 erronea.
736 616 811 652 Nec
855 617 1079 665 praepollent
1108 617 1220 651 modo
1251 629 1337 664 prae
1367 616 1496 651 ceteris
1524 616 1809 659 (individuorum

189 678 396 727 praesertim
427 676 560 722 ingenti
588 681 759 723 numero)
786 675 962 715 lichenem
993 699 1044 704 -—
1071 688 1117 710 ex
1150 675 1202 711 liis
1232 687 1396 720 magnam
1426 680 1562 722 partem
1593 675 1726 723 pendet
1749 689 1812 711 eo-

192 750 287 778 rum,
315 736 373 785 qui
404 736 583 784 inhospita
610 734 698 770 haec
720 740 845 782 tesqua
862 734 1031 775 incolunt,
1049 734 1162 769 victus
1180 734 1359 782 salusque.
1390 732 1569 768 '‘Licbene
1589 734 1694 769 obsiti
1715 747 1812 770 cam-

189 797 238 845 pi,
268 809 360 844 quos
386 802 516 830 terram
544 794 746 828 damnatam
776 793 913 828 diceret
942 793 1171 841 peregrinus,
1199 792 1231 827 hi
1261 798 1342 827 sunt
1370 792 1582 839 Lapponum
1612 793 1704 837 agri,
1722 793 1811 829 haec

188 861 285 903 prata
314 867 440 889 eorum
476 852 704 894 fertilissima,
735 851 828 887 adeo
860 858 894 887 ut
926 852 1065 887 felicem
1095 865 1135 887 se
1165 851 1349 899 praedicet
1383 864 1577 899 possessor
1604 852 1811 899 provinciae

186 914 264 949 talis
291 913 532 948 sterilissimae
561 917 667 960 atque
696 911 836 946 lichene
870 911 1040 946 obsitae.''
1071 912 1210 957 (Lim.)
1241 911 1344 954 Quae
1374 922 1482 958 quum
1509 910 1555 945 ita
1585 911 1667 953 siut,
1695 912 1812 947 nemi-

188 973 222 1007 ni
252 972 378 1007 mirum
418 970 614 1011 videbitur,
642 969 740 1018 quod
768 983 879 1019 saepe
903 971 936 1006 in
969 982 1140 1006 sermone
1168 969 1368 1004 incolarum
1398 968 1464 1004 hae
1496 969 1636 1016 plantae
1666 983 1812 1006 versan-

188 1035 258 1072 tur,
287 1043 436 1078 quarum
475 1029 519 1064 acl
554 1041 630 1064 rem
659 1028 869 1064 fiuniliarem
901 1029 1081 1064 maximus
1110 1029 1153 1064 sit
1184 1041 1284 1067 usus,
1314 1049 1359 1054 ——
1390 1028 1616 1077 publicisque
1644 1030 1813 1065 videlicet

188 1089 263 1124 sive
292 1088 459 1136 politicis,
490 1093 526 1123 ut
553 1089 668 1135 ajunt,
698 1087 807 1123 rebus
837 1101 908 1123 non
940 1088 1044 1136 plane
1074 1087 1225 1122 eaedem
1258 1086 1411 1122 alienae!

338 1155 419 1190 Hoc
448 1155 643 1202 praecipue
671 1154 845 1202 spectanti
874 1154 973 1195 mihi,
1004 1167 1113 1202 quum
1144 1167 1235 1202 opus
1266 1153 1813 1204 aem-ediau‹le1·cm,aliaquo-

188 1226 259 1262 que
285 1213 572 1249 obversabantur
597 1213 782 1261 proposita
810 1213 960 1248 secundi
987 1213 1088 1261 quasi
1118 1213 1269 1253 ordinis,
1300 1225 1392 1260 quae
1424 1218 1459 1247 ut
1477 1226 1712 1261 assequerer,
1739 1227 1812 1250 ma-

186 1273 284 1308 xime
308 1271 392 1307 mihi
419 1271 678 1307 connitendum
711 1271 911 1307 videbatur.
968 1272 1116 1307 Summa
1141 1272 1174 1306 in
1204 1271 1404 1306 lit-lienibus
1434 1271 1717 1307 determinandis
1745 1274 1809 1309 mi-

187 1331 378 1379 croscopio
409 1331 553 1366 assidue
579 1330 706 1366 usitato
735 1330 900 1366 attributa
927 1331 1153 1370 auctoritate,
1184 1342 1314 1364 novam
1337 1331 1484 1365 ommno
1503 1331 1662 1378 speciem
1681 1332 1813 1368 Liche-

187 1390 330 1439 uologia
367 1389 497 1430 induit,
539 1389 632 1425 adeo
677 1394 713 1425 ut
740 1390 800 1438 qui
829 1389 1005 1438 proximis
1038 1388 1137 1423 hisce
1165 1388 1390 1436 temporibus
1419 1388 1452 1423 in
1482 1389 1602 1424 studio
1632 1389 1811 1426 lichenum

187 1461 261 1485 non
299 1450 342 1485 sit
368 1453 546 1490 versatus,
576 1448 605 1484 si
636 1447 727 1483 hanc
756 1448 809 1483 rei
846 1447 1035 1483 herbariae
1065 1439 1354 1495 partenrdenuo
1383 1448 1538 1483 voluerit
1566 1455 1749 1496 repetere,
1778 1451 1813 1485 in

187 1520 320 1544 novum
348 1520 429 1544 sese
457 1508 631 1543 mundum
661 1507 897 1542 miralmndus
925 1507 1035 1556 fingat
1062 1506 1288 1549 translatum,
1314 1506 1476 1555 quamvis
1492 1505 1598 1542 fuerit
1612 1508 1735 1555 paucis
1751 1508 1813 1544 ab—

187 1566 268 1603 hinc
297 1567 397 1602 annis
425 1566 532 1614 hujus
560 1566 769 1615 disciplinae
798 1566 968 1615 prudens.
1032 1567 1135 1610 Quae
1165 1577 1212 1600 ex
1241 1566 1420 1601 acerrimo
1448 1565 1519 1601 hoc
1547 1566 1684 1609 studio,
1713 1567 1814 1616 quod

187 1625 403 1661 immutatam
433 1638 582 1673 prorsus
609 1626 780 1661 scientiae
809 1625 962 1661 formam
990 1624 1093 1660 brevi
1125 1624 1299 1667 reddidit,
1321 1624 1522 1660 subductae
1542 1630 1624 1661 sunt
1643 1626 1812 1667 rationes,

187 1697 269 1720 raro
297 1684 545 1720 tantummodo
571 1690 605 1720 ct
632 1685 784 1733 sparsim
814 1685 859 1720 ad
888 1684 958 1719 hoc
989 1697 1103 1733 usque
1131 1688 1273 1732 tempus
1300 1683 1344 1718 ad
1370 1683 1531 1719 lichenes
1552 1684 1813 1721 Scandinaviae

187 1747 269 1778 sunt
298 1743 486 1779 translatae
520 1743 555 1778 in
594 1743 710 1792 iisque
738 1743 931 1779 tractandis
959 1742 1156 1784 adhibitae,
1186 1743 1344 1777 necdum
1386 1743 1575 1778 continens
1607 1744 1813 1791 specierum

186 1801 436 1851 indigenarum
465 1803 722 1838 commentatio
748 1807 783 1838 et
812 1803 1019 1851 dispositio,
1057 1801 1258 1850 postulatis,
1288 1814 1381 1849 quae
1408 1801 1575 1837 hodierni
1611 1801 1744 1838 facium
1774 1803 1814 1838 li-

188 1859 397 1909 chenologi,
429 1861 656 1909 respondens
682 1866 718 1897 et
744 1874 923 1910 congrua,
949 1861 983 1896 in
1010 1861 1128 1896 lucem
1156 1860 1297 1908 prodiit.
1342 1860 1423 1896 Fuit
1442 1861 1561 1909 itaque
1585 1873 1705 1896 meum
1726 1874 1814 1897 con-

189 1918 320 1961 silium,
361 1919 436 1954 talis
460 1920 534 1966 jam
564 1920 685 1968 operis
714 1920 834 1956 facere
875 1920 1011 1955 initium
1040 1919 1156 1968 (quod
1186 1932 1296 1968 spero
1326 1920 1404 1955 fore
1434 1924 1484 1961 ut,
1514 1932 1691 1955 annorum
1719 1921 1814 1956 serie

188 1989 261 2013 non
287 1977 484 2014 admodum
513 1978 622 2028 longa
650 1979 883 2020 circumacta,
914 1979 1099 2014 conficere
1131 1978 1269 2026 liceat),
1299 1991 1408 2027 quum
1440 1984 1475 2014 ut
1503 1978 1723 2014 nostratibus
1748 1992 1814 2015 no-

189 2048 270 2078 vus,
297 2037 356 2085 qui
381 2050 476 2072 nunc
501 2043 569 2080 est,
599 2037 882 2086 Lichenologiae
913 2042 1023 2073 status
1050 2038 1305 2079 innotesceret,
1336 2042 1409 2073 tum
1438 2042 1473 2072 ut
1497 2037 1632 2073 exteris
1661 2038 1741 2073 loca
1760 2039 1814 2074 in-

189 2095 363 2137 dicarem,
406 2108 498 2146 quae
537 2097 696 2144 species,
736 2097 769 2132 in
808 2096 1047 2132 Scandinavia
1074 2097 1212 2138 solum,
1244 2101 1415 2145 quantum
1445 2095 1633 2144 hucusque
1662 2096 1813 2139 scimus,

190 2153 319 2189 obviae
348 2177 392 2182 —
422 2159 457 2189 et
482 2155 635 2191 arcticae
663 2155 707 2190 ad
740 2168 844 2191 unam
873 2156 949 2191 fere
979 2169 1109 2191 omnes
1136 2155 1202 2190 hae
1234 2160 1315 2190 sunt
1333 2177 1377 2181 —-
1399 2156 1433 2190 in
1459 2167 1554 2190 nova
1572 2154 1697 2190 harum
1716 2155 1813 2202 plan-

190 2218 303 2248 tarum
332 2212 581 2249 distributione
608 2213 772 2249 obtinere
801 2214 968 2250 debeant.
1024 2214 1158 2259 Negari
1193 2214 1338 2263 quidem
1369 2227 1442 2249 11011
1470 2219 1605 2262 potest,
1633 2213 1668 2249 in
1699 2214 1816 2249 multis

191 2270 299 2306 rebus
329 2271 508 2320 principes
535 2273 635 2320 ipsos
659 2273 829 2308 scientiae
857 2273 1049 2322 ambiguos
1076 2273 1281 2308 etiamnunc
1307 2273 1458 2308 haerere
1485 2273 1645 2321 ideoque
1671 2286 1815 2308 summo

188 2330 269 2376 jure
295 2329 380 2370 dici,
409 2331 569 2366 noudum
601 2344 680 2366 eam
708 2332 773 2367 rite
800 2331 988 2368 stabilitam
1018 2345 1100 2367 esse
1130 2345 1249 2380 neque
1278 2332 1627 2372 cmrlirnmtannsed
1650 2344 1722 2380 quo
1739 2332 1815 2380 plu-

192 2399 250 2423 res
289 2387 403 2424 labori
441 2389 669 2431 incumbunt,
697 2403 743 2426 eo
772 2391 874 2426 citius
910 2397 1043 2426 certam
1073 2391 1218 2439 assequi
1249 2395 1356 2439 atque
1385 2390 1660 2438 comprobatam
1689 2390 1815 2426 harum

194 2445 389 2493 plantarum
416 2447 659 2495 cognitionem
689 2461 836 2497 sperare
864 2449 961 2490 licet,
992 2449 1115 2485 critico
1144 2450 1304 2484 innixam
1336 2449 1581 2498 diligenteque
1609 2450 1815 2497 specierum

194 2503 325 2539 studio.
379 2506 497 2540 Aeros
534 2506 626 2542 inter
666 2507 837 2542 scientiae
873 2507 1031 2542 cultores
1060 2515 1213 2542 exortae
1241 2508 1529 2548 controversiae,
1560 2520 1652 2555 quae
1681 2511 1814 2542 tantum

193 2561 312 2602 abest,
355 2567 390 2598 ut
417 2562 526 2599 hodie
559 2565 627 2600 sint
655 2565 900 2614 depugnatae,
929 2571 964 2601 ut
992 2565 1242 2601 vehementius
1270 2565 1375 2600 etiam
1404 2565 1649 2600 exardescere
1678 2565 1817 2600 minen-

197 2624 254 2655 tur
281 2642 331 2647 —
357 2625 478 2656 vetera
519 2622 575 2657 illa
614 2622 740 2659 verba:
779 2622 1036 2672 ⁷'Lichenologi
1077 2623 1190 2671 magis
1219 2636 1326 2672 quam
1357 2623 1413 2658 alii
1440 2624 1703 2658 Autocratores
1729 2635 1817 2658 suae

1554 2691 1628 2726 1411
