2379 3188
1696 328 1776 369 239

214 432 300 461 terra
325 423 568 461 efficientibus''.
621 423 704 459 Asci
732 427 878 473 angusti,
907 427 1216 475 elongato-clavati,
1243 429 1488 479 paraphysibus
1514 435 1609 480 apice
1626 436 1769 482 paullum
1786 437 1833 470 in-

216 487 368 522 crassatis
398 492 429 519 et
457 485 571 518 leviter
596 483 852 520 cohaerentibus
878 487 991 527 cincti·‚
1022 500 1145 535 sporae
1173 502 1274 524 senae
1302 489 1320 524 l.
1351 496 1510 533 octonae,
1535 504 1600 526 uno
1630 494 1744 529 ordine
1773 496 1833 529 ob-

214 547 301 593 lique
327 545 524 591 dispositae,
552 543 711 585 luteolae,
739 544 914 585 stota—18
942 558 1018 581 mm.
1046 546 1166 594 longae
1192 554 1224 582 et
1252 549 1406 589 Omne—7
1432 563 1507 585 mm.
1522 550 1614 587 latae.
1645 551 1767 588 Rarius
1786 555 1834 588 in-

214 606 383 640 veniuntur
410 615 531 650 sporae
560 601 765 645 susisormes,
793 604 944 650 apicibus
970 611 1171 647 attenuatae,
1200 619 1307 654 usque
1334 608 1374 642 ad
1393 608 1485 649 O,0;›4
1507 623 1582 645 nnn.
1604 611 1732 658 longae,
1750 625 1834 660 quae

213 664 359 711 perbene
387 661 629 702 demonstrant,
659 662 700 697 G.
730 662 939 696 denudatam
968 663 1043 698 huic
1066 666 1180 712 generi
1209 678 1285 701 esse
1313 667 1567 703 adscribendam
1594 683 1703 718 neque
1731 685 1834 719 posse

210 723 379 771 proprium
407 721 553 755 condere
581 734 697 768 genus.
726 742 772 748 -—-
801 720 900 756 Nulla
930 730 1119 758 exterorum
1147 725 1376 760 botanicorum
1404 740 1589 776 synonyma
1621 731 1727 772 attuli,
1757 733 1830 778 quia

209 782 302 816 nimis
343 787 416 815 suut
455 781 578 815 incerta
620 780 693 826 (cfr.
738 780 846 828 infra).
877 780 944 816 ''G.
971 785 1116 828 gevica?
1141 783 1270 818 Ach.''
1299 783 1463 833 height.
1491 786 1583 835 Aug.
1612 794 1632 824 t.
1658 788 1730 825 XV
1757 790 1775 825 f.
1806 791 1832 824 1.

209 842 253 876 ob
280 853 398 888 sporas
425 839 594 886 simplices
623 853 688 874 non
715 846 828 887 potest
854 840 919 876 huc
946 841 1069 877 referri.

354 913 386 948 3.
447 914 488 948 G.
524 918 643 959 geoica
682 911 880 961 (Wnbg.):
923 918 1041 949 crusta
1081 914 1194 956 tonui,
1237 915 1368 957 effusa,
1402 916 1650 965 pulverulenta
1675 920 1694 955 l.
1722 933 1831 969 spon-

206 971 492 1021 gioso-leprosa,
528 971 915 1014 cinereo-virescente,
935 971 1183 1021 hypothallum
1213 973 1418 1011 obsoletum
1441 980 1604 1026 tegente;
1632 978 1830 1027 apotheciis

205 1032 284 1080 plus
322 1031 438 1067 minus
474 1030 670 1072 immersis,
710 1030 918 1073 urceolatis,
948 1031 1105 1073 minutis,
1133 1032 1235 1069 disco
1256 1033 1456 1077 oohraceo,
1484 1036 1646 1085 margine
1680 1039 1830 1087 proprio

206 1090 317 1132 tenui,
345 1089 493 1139 pallido,
517 1089 677 1131 elevato,
706 1102 726 1124 a
755 1088 913 1125 thallode
938 1090 1122 1127 crenulato
1151 1091 1230 1140 plus
1259 1093 1376 1129 minus
1405 1099 1517 1136 tecto;
1544 1096 1663 1144 sporis
1700 1097 1830 1146 prioris

204 1149 455 1186 subsimilibus.

349 1219 441 1269 Syn.
473 1219 601 1254 Liclzen
627 1225 764 1265 geoicus
791 1217 943 1267 Wnbg.
970 1222 1000 1256 in
1028 1219 1108 1256 Vet.
1136 1220 1202 1256 Ak.
1231 1221 1353 1258 Handl.
1391 1225 1485 1260 1806
1514 1240 1546 1274 p.
1590 1226 1659 1260 142
1697 1234 1729 1262 et
1763 1229 1828 1263 tab.

252 1281 273 1314 4
304 1279 322 1314 f.
352 1279 384 1314 5.
411 1300 463 1306 —
493 1278 693 1313 Urceolaria
718 1278 819 1314 Ach.
849 1278 958 1315 Meth.
985 1294 1017 1328 p.
1048 1280 1129 1315 149.
1157 1302 1202 1307 —
1234 1282 1402 1330 Gyalecta
1432 1283 1533 1320 Ach.
1562 1284 1661 1321 Univ.
1694 1300 1725 1334 p.
1749 1287 1830 1328 151,

250 1338 333 1389 Syn.
363 1352 394 1386 p.
426 1338 459 1380 9,
486 1337 553 1373 Fr.
583 1336 622 1373 L.
643 1337 683 1372 E.
710 1352 741 1386 p.
776 1338 855 1381 196,
885 1338 1059 1374 Schaer.
1089 1338 1210 1376 Enum.
1242 1354 1275 1389 p.
1303 1342 1360 1377 94.

350 1405 500 1441 Lecidea
527 1406 723 1452 soz'eolaris
760 1423 785 1451 y.
826 1412 1032 1453 truncigena
1071 1406 1205 1443 Smrft.
1233 1407 1352 1457 Suppl.
1395 1424 1426 1458 p.
1457 1410 1521 1447 171
1565 1412 1665 1458 (excl.
1694 1426 1764 1461 syn.
1791 1414 1829 1446 G.

258 1464 429 1501 Walzlenb.
454 1467 512 1513 β..)

351 1534 519 1581 Gyalecta
558 1531 868 1579 PValzlenbergiana
896 1532 1062 1581 Leight.
1089 1532 1180 1582 Aug.
1211 1541 1230 1570 t.
1259 1535 1346 1571 XIII
1376 1536 1394 1571 s.
1429 1535 1461 1571 2.

350 1601 445 1637 Exs.
475 1600 637 1649 Leight.
667 1615 697 1636 n.
731 1600 810 1636 123.
841 1622 878 1627 —
915 1600 1059 1636 Stenh.
1088 1616 1118 1636 n.
1150 1602 1208 1638 51.

347 1678 408 1713 Ad
446 1683 576 1713 terram
603 1677 826 1713 denudatam
865 1682 900 1712 et
935 1689 1044 1725 supra
1072 1691 1219 1714 muscos
1244 1678 1277 1713 in
1308 1678 1446 1714 fissuris
1473 1678 1613 1726 rupium
1644 1678 1827 1728 iuferalpi-

201 1749 326 1772 narum
356 1750 421 1786 por
450 1736 707 1772 Nordlandiam
735 1737 1052 1786 Fiumarkiamque
1081 1737 1233 1785 parcius.

350 1814 437 1849 Mira
480 1816 563 1848 inter
601 1814 774 1848 botanicos
805 1815 956 1849 conlusio
986 1816 1174 1862 specierum
1202 1821 1236 1849 et
1263 1828 1526 1864 synonymorum
1556 1814 1651 1861 liujus
1680 1816 1827 1863 generis!

199 1873 258 1909 Sic
284 1887 313 1909 v.
342 1887 370 1909 c.
401 1874 441 1909 G.
469 1874 649 1922 capularis
670 1874 909 1920 etfoveolar‘is
934 1888 949 1908 a
982 1875 1079 1908 variis
1108 1875 1300 1909 auctoribus
1324 1876 1486 1910 immerito
1503 1875 1637 1909 omuino
1657 1881 1731 1909 sunt
1747 1888 1827 1909 con-

199 1935 346 1979 junctae,
386 1947 486 1981 quum
523 1947 540 1968 e
566 1934 732 1977 contrario
766 1933 807 1968 G.
836 1934 1022 1973 foveolar‘is
1050 1939 1081 1967 et
1106 1939 1224 1978 geoica
1251 1934 1352 1968 multo
1387 1935 1492 1981 magis
1517 1934 1580 1968 sint
1607 1934 1721 1968 affines
1749 1940 1782 1968 et
1809 1947 1825 1968 a

200 1992 432 2040 liclienologis,
461 1994 650 2040 specierum
677 2005 849 2027 numerum
866 1992 1068 2027 deminutum
1097 1991 1379 2033 desiderantibus,
1397 1993 1490 2028 facile
1524 2007 1585 2040 pro
1601 1993 1703 2028 fornia
1721 1995 1825 2039 majo-

200 2065 234 2086 re
271 2058 302 2086 et
342 2054 467 2087 minore
511 2051 661 2098 ejusdem
703 2053 828 2098 speciei
862 2054 991 2099 possint
1028 2052 1151 2086 baberi.
1210 2052 1251 2087 G.
1267 2053 1463 2098 sbzieolmv‘s
1492 2054 1545 2087 vix
1573 2054 1602 2087 in
1632 2053 1824 2100 regionibus

199 2111 355 2146 calcareis
384 2119 417 2147 et
446 2112 690 2158 campestribus
716 2117 875 2145 terrarum
905 2112 1134 2146 australiorum
1163 2113 1323 2152 occurrit,
1349 2112 1408 2146 sed
1438 2112 1545 2146 solum
1574 2113 1603 2146 in
1631 2113 1823 2159 regionibus

200 2172 328 2205 arcticis
369 2169 570 2218 alpinisque3
608 2183 740 2205 omnem
769 2171 867 2217 igitur
895 2169 960 2206 ''G.
979 2170 1216 2217 foveolarem''
1244 2185 1284 2206 ex
1313 2172 1373 2205 illis
1402 2171 1484 2206 locis
1513 2171 1640 2205 allatam
1669 2173 1824 2219 suspicor

200 2228 241 2263 ad
273 2228 314 2264 G.
341 2235 493 2275 genicam
523 2230 706 2277 pertinere,
737 2231 886 2277 speciem
915 2230 1011 2264 valde
1040 2231 1262 2265 commixtam.
1318 2229 1424 2277 Cujus
1454 2231 1657 2265 confusionis
1684 2244 1824 2265 caussae

199 2289 229 2322 in
258 2287 357 2323 Ach.
388 2287 482 2324 Lich.
510 2287 610 2323 Univ.
639 2289 794 2324 videntur
820 2302 896 2324 esse
931 2289 1159 2336 quaerendae,
1188 2296 1254 2324 tum
1282 2291 1356 2337 quia
1389 2310 1433 2316 ·—
1464 2290 1558 2337 lapsu
1587 2290 1695 2325 forsan
1725 2296 1824 2339 typo-

198 2347 357 2394 graphico
376 2349 479 2382 ——ibi
508 2349 570 2383 sub
604 2348 645 2383 G.
682 2347 993 2394 U'aklenbergimm
1022 2348 1155 2384 dicitur:
1181 2348 1376 2396 ''Gyulecta
1401 2355 1520 2395 geoica
1548 2349 1655 2384 differt
1681 2349 1821 2397 apothe-

198 2407 257 2440 ciis
283 2406 383 2440 multo
413 2406 621 2453 majoribus''‚
650 2420 736 2455 quae
763 2408 866 2442 verba
895 2421 973 2443 vera
1001 2408 1214 2443 solummodo
1240 2422 1316 2443 esse
1345 2415 1502 2456 possunt,
1530 2410 1555 2443 si
1583 2409 1740 2456 legimus:
1769 2408 1822 2443 ”A

203 2463 246 2499 G.
285 2470 401 2510 geoica
533 2465 746 2512 majoribus'';
787 2473 855 2501 tum
895 2468 968 2514 quia
1005 2474 1038 2501 ut
1068 2469 1258 2503 varietatem
1292 2468 1334 2503 G.
1358 2468 1555 2514 foveolaris
1579 2469 1748 2515 subjunxit
1780 2468 1820 2507 G,

199 2528 453 2569 truncigenam,
492 2525 635 2573 plantam
677 2526 848 2567 minutam,
890 2539 976 2574 quae
1016 2540 1089 2561 cum
1128 2527 1169 2562 G.
1196 2532 1314 2573 geoica
1348 2526 1459 2561 habitu
1504 2526 1821 2575 characteribusque

198 2581 299 2615 multo
328 2585 431 2630 magis
457 2585 609 2629 congruit
635 2590 667 2618 et
694 2584 777 2619 sorte
805 2587 877 2630 ejus
899 2585 1037 2619 sormam
1066 2587 1259 2620 corticolam
1281 2586 1510 2620 tantummodo
1532 2588 1624 2621 sistit.
1647 2587 1687 2622 G.
1703 2592 1821 2631 geoica

199 2648 369 2688 praeterea
398 2643 565 2688 incognita
592 2644 747 2677 remansit
771 2645 867 2678 etiarn
893 2657 965 2679 eam
994 2645 1038 2679 ob
1066 2657 1235 2685 caussam,
1264 2643 1356 2691 quod
1384 2646 1456 2688 ejus
1483 2643 1665 2690 descriptio
1693 2645 1723 2678 in
1746 2657 1817 2678 om-

197 2700 293 2735 nibus
334 2699 424 2735 libris
464 2700 639 2747 desumpta
685 2707 735 2736 est
775 2715 794 2737 e
831 2702 935 2737 forma
977 2702 1174 2750 depravata,
1214 2703 1460 2750 pulverulenta,
1498 2701 1683 2749 apotheciis
1710 2708 1816 2736 aetate
