2379 3188
584 240 670 282 220

530 348 594 383 ciis
620 345 803 388 confertis,
837 350 958 382 mutua
994 345 1183 394 pressione
1210 344 1410 394 angulosis,
1438 356 1458 379 e
1485 343 1581 379 luteo
1609 341 1833 383 rufo-fuscis,
1860 340 2020 392 margine
2049 339 2138 377 dilu-

530 406 621 443 tiore
646 406 791 442 demum
816 406 1024 441 concolore.

679 473 775 524 Syn.
831 475 979 509 Lecideu
1012 471 1197 508 luteo-alba
1223 479 1252 519 β.
1279 472 1463 520 holocarpa
1493 470 1593 506 Ach.
1619 470 1720 506 Univ.
1746 484 1777 518 p.
1805 469 1888 511 ζ207,
1916 469 1997 519 Syn.
2024 483 2057 517 p.
2084 468 2143 509 49,

581 534 668 569 Sch
681 547 757 569 aer.
787 533 909 569 Enum.
937 547 969 581 p.
1008 532 1087 568 147.

668 605 817 640 Lecz'dea
852 609 1063 639 aur-amiam
1080 609 1108 649 ῤ’.
1135 602 1320 649 holocarpa
1359 601 1496 636 Smrst.
1531 600 1650 648 Suppl.
1676 614 1709 648 p.
1739 599 1820 635 170.
1855 621 1899 627 —
1933 599 2142 649 Callopisma

581 663 708 699 Mass
738 663 843 698 Blast.
872 677 905 711 p.
934 662 990 703 76,
1025 661 1176 696 Koerb.
1205 661 1223 694 l.
1248 673 1275 694 c.

676 736 857 772 Parmelz‘a
886 733 1036 769 vitellina
1060 733 1092 767 b.
1120 732 1304 778 holocmym
1331 729 1398 765 Fr.
1424 729 1461 764 L.
1490 729 1531 764 E.
1558 743 1591 776 p.
1620 728 1699 763 162.

675 804 768 840 Exs.
822 804 937 838 Flke.
966 817 997 837 n.
1036 802 1115 836 186.

679 889 717 923 In
752 886 884 922 truncis
926 885 1080 921 Salicum
1117 884 1414 932 Populorumque
1447 882 1553 919 totius
1580 881 1739 932 regionis
1776 881 2057 918 Scandinavicae
2085 895 2144 918 oc-

534 947 641 984 currit
671 947 785 982 sorma
812 944 993 994 primaria,
1019 944 1053 979 in
1082 943 1241 992 partibus
1269 942 1563 978 meridionalibus
1591 942 1806 990 frequenter,
1835 942 1869 977 in
1886 942 2145 990 septentriona-

534 1007 625 1042 libus
653 1005 799 1055 passinu
827 1017 897 1039 var.
927 1011 956 1050 β.
983 1004 1017 1039 in
1042 1001 1191 1051 rupibus
1221 1001 1390 1037 calcareis
1417 1001 1674 1050 schistosisque
1699 999 1824 1049 alpinis
1852 1007 1886 1037 et
1912 1016 1941 1045 Ὺ.
1970 1001 2004 1037 in
2031 1000 2146 1050 parie-

533 1065 626 1101 tibus
663 1064 809 1100 vetustis
851 1061 1094 1098 Nordlandiae
1137 1060 1306 1097 Saltensis
1342 1060 1435 1097 haud
1472 1074 1583 1096 rarae.
1612 1083 1656 1088 —
1686 1060 1758 1096 Cel.
1789 1060 1899 1096 Vahl
1938 1061 1972 1096 in
2000 1066 2143 1110 mscrpt.

534 1137 612 1160 eam
641 1124 742 1159 affert
772 1136 791 1158 e
818 1121 1063 1158 Groenlandia
1091 1119 1203 1167 (distr.
1231 1119 1516 1167 Julianeshaab),
1543 1119 1608 1155 sed
1636 1120 1832 1168 specimina
1861 1133 1932 1155 non
1961 1121 2042 1156 vidi.

686 1192 808 1230 Quoad
851 1199 993 1226 crustam
1036 1192 1154 1226 eximie
1190 1191 1318 1224 varians
1348 1190 1499 1236 species,
1527 1196 1593 1224 tres
1622 1191 1795 1224 varietates
1822 1189 1852 1224 h.
1882 1190 1900 1224 Ι.
1927 1191 2057 1238 recepi,
2086 1189 2147 1225 sed

533 1254 589 1300 qui
628 1252 695 1287 vult
742 1253 854 1300 plures
890 1251 982 1286 facile
1028 1256 1141 1298 potest
1168 1248 1383 1297 distinguere.
1437 1248 1710 1284 Somnierl'elt
1736 1255 1802 1283 tres
1831 1249 1951 1284 formas
1978 1255 2148 1289 recenset,

534 1325 635 1360 supra
661 1312 724 1346 sub
755 1330 783 1346 a.
813 1317 986 1359 receptas,
1014 1323 1032 1344 e
1058 1309 1179 1356 quibus
1206 1309 1238 1343 b.
1268 1308 1478 1342 mim-othelm
1506 1307 1643 1355 (Ach.)
1666 1314 1774 1342 crusta
1800 1321 1982 1343 verrucosa
2009 1309 2149 1357 papilla-

535 1378 634 1419 taque
662 1384 760 1418 supra
800 1383 935 1404 muscos
967 1369 1181 1415 lichenesque
1208 1368 1362 1402 arborum
1392 1380 1468 1402 sese
1496 1367 1653 1415 expandit
1680 1373 1712 1402 et
1736 1385 1761 1411 y.
1789 1369 1994 1403 meliuscula
2020 1368 2149 1419 (Leci-

534 1431 595 1465 dea
622 1435 834 1464 (manutium
875 1428 994 1474 Ach.)
1035 1434 1142 1462 crusta
1169 1427 1319 1461 subnulla
1348 1439 1420 1460 cum
1449 1443 1477 1461 α.
1505 1426 1543 1460 ad
1573 1433 1708 1461 truncos
1735 1427 1891 1461 arborum
1919 1435 1968 1462 sat
1994 1429 2150 1477 frequen-

535 1496 584 1524 ter
611 1489 738 1536 legitur.
768 1510 812 1515 ——
839 1487 924 1522 Asci
957 1486 1221 1527 inflato-clavati,
1245 1485 1490 1533 paraphysibus
1518 1486 1588 1521 laxe
1617 1486 1889 1528 cohaerentibus,
1915 1489 2010 1535 apice
2025 1489 2150 1523 incras-

536 1552 614 1586 satis
642 1547 970 1594 sulvescentibusque
1006 1547 1118 1580 cincti:
1147 1558 1268 1592 sporae
1298 1550 1454 1584 octonae,
1483 1545 1797 1593 subellipsoideael.
1815 1547 2151 1594 ellipsoideo-oblon-

533 1624 614 1659 gae,
651 1608 801 1657 hyalinae
843 1605 1002 1641 blastidiis
1040 1605 1210 1652 polaribus
1253 1604 1398 1645 luteolis,
1437 1606 1609 1644 Quia-15.
1647 1618 1720 1639 nim.
1750 1605 1868 1652 longae
1891 1613 1924 1640 et
1952 1607 2043 1647 0,006
2073 1620 2149 1643 mm.

535 1671 628 1704 latae.

688 1752 719 1785 4.
779 1750 815 1785 C.
843 1747 1026 1784 luteo-alba
1068 1748 1249 1795 (Turn.):
1287 1750 1402 1781 crusta
1432 1746 1538 1787 tenui,
1567 1745 1747 1795 laevigata,
1775 1747 2151 1796 granuloso-leprosa,

536 1808 837 1849 cinereo-albida,
879 1806 1088 1855 hypothallo
1133 1805 1253 1841 albido
1297 1805 1522 1845 tenuissimm
1562 1804 1759 1853 apotheciis
1800 1806 2002 1847 sessilibus‚
2049 1807 2151 1843 disco

534 1868 856 1908 luteo-aurantiaco
885 1866 904 1902 l.
935 1865 1174 1914 planiuscu10‚
1212 1866 1371 1915 margine
1407 1864 1562 1901 thallode
1588 1865 1807 1906 tenuissimo,
1835 1865 2002 1901 flavidol.
2022 1866 2152 1909 albido,

535 1943 623 1967 mox
652 1927 804 1964 excluso
832 1927 851 1962 l.
873 1928 947 1973 jam
988 1925 1149 1973 primitus
1178 1924 1363 1967 obsoleto,
1392 1924 1539 1974 proprio
1565 1923 1722 1973 integro,
1751 1924 1866 1972 primo
1895 1925 2152 1968 crassiusculo,

536 1990 619 2026 dein
647 1992 842 2023 extenuato
869 1990 903 2021 et
930 1990 1181 2020 evanescente.

688 2055 782 2105 Syn.
810 2055 957 2089 Lecetdea
981 2051 1164 2088 luteo-alba
1188 2052 1286 2088 Aeh.
1325 2051 1424 2087 Univ.
1451 2067 1481 2101 [¹-
1511 2051 1583 2087 <207
1612 2058 1644 2087 et
1671 2051 1750 2100 Syn.
1779 2066 1810 2101 p.
1827 2053 1874 2087 149
1903 2054 1965 2101 (α),
1988 2052 2154 2098 Schaer¹

586 2115 707 2150 Enum.
737 2129 767 2163 p.
800 2114 879 2148 147.
909 2134 956 2140 —
988 2112 1199 2161 Callopz'sma
1225 2110 1352 2147 Mass.
1380 2111 1485 2146 Blast.
1513 2125 1543 2159 [¹-
1573 2111 1631 2152 80,
1659 2110 1817 2146 Κοενὶ).
1842 2111 1931 2161 Syst.
1963 2127 1992 2161 p.
2022 2112 2102 2148 128.

692 2187 835 2221 Lecz'clea
865 2191 1075 2221 aurantiaca
1105 2203 1132 2219 α.
1162 2184 1300 2219 Smrst.
1333 2183 1449 2232 Suppl.
1476 2197 1506 2232 p.
1538 2182 1616 2218 169.

682 2259 863 2294 Parmelia
887 2264 1003 2293 cerina
1031 2258 1096 2293 Fr.
1125 2258 1161 2292 L.
1188 2257 1227 2292 E.
1254 2272 1285 2306 p.
1324 2256 1393 2291 168
1422 2257 1470 2304 (p.
1504 2257 1563 2303 p.).

689 2330 783 2365 Exs.
839 2330 1010 2365 Schaer.
1041 2345 1070 2366 n.
1096 2330 1178 2366 475.
1207 2352 1252 2357 ——
1279 2327 1408 2364 Mass.
1438 2343 1467 2364 n.
1495 2327 1577 2363 ζ235.
1608 2349 1652 2354 —-
1679 2326 1816 2361 Smrft.
1837 2340 1866 2360 n.
1900 2324 1976 2360 133.

686 2413 746 2449 Ad
775 2413 946 2448 corticem
974 2413 1198 2460 Populorum
1226 2411 1506 2460 Betularumque
1528 2423 1593 2460 per
1621 2415 1730 2446 totam
1761 2408 2033 2445 Scandinaviam
2061 2408 2156 2445 haud

538 2473 755 2522 infrequens.

684 2541 775 2576 Inter
804 2540 841 2577 C.
869 2546 1017 2575 cerinam
1047 2545 1079 2573 et
1104 2544 1351 2574 azermztiucam
1380 2539 1473 2586 quasi
1503 2537 1624 2578 media,
1652 2537 1710 2572 sed
1739 2543 1877 2584 utraque
1904 2538 2011 2571 minor
2038 2543 2069 2571 et
2096 2550 2156 2571 no-

535 2598 574 2636 {is
605 2601 707 2636 allatis
748 2601 919 2640 distincta,
956 2600 1015 2635 etsi
1054 2611 1129 2633 cum
1156 2597 1206 2631 his
1229 2597 1328 2644 vulgo
1360 2599 1536 2632 commixta
1566 2603 1728 2631 occurrat.
1757 2617 1803 2624 —
1833 2595 1915 2630 Asci
1938 2596 2154 2630 saccato-cla-
