2379 3188
615 262 702 303 180

713 368 744 404 1.
795 368 848 403 M.
882 380 1028 403 carnosa
1068 365 1271 416 (Dicks.):
1311 366 1507 416 squamulis
1548 365 1851 407 membranaceis,
1896 364 2176 407 subimbricatis‚

562 425 860 464 fusco-castaneis
893 424 1139 474 cervinisque,
1172 424 1493 467 laciniam-incisis,
1522 424 1945 473 creuulato-grauulosis,
1977 424 2103 461 subtus
2129 424 2179 460 al-

563 487 672 527 bidis;
703 484 898 534 apotheciis
930 484 1244 528 elevato-armatis,
1271 484 1402 533 planis,
1425 484 1598 527 subrutis,
1624 483 1784 532 margine
1815 483 1975 532 primitus
2002 483 2179 531 pallidiori

564 544 808 594 integerrimo.

707 611 803 662 Syn.
855 611 1036 646 Lecanora
1061 610 1256 659 hypnorum
1285 611 1385 647 Ach.
1426 609 1524 646 Univ.
1556 623 1589 658 p.
1624 609 1697 645 417
1723 611 1823 657 (excl.
1855 624 1927 659 syn.
1954 609 2005 645 Fi.
2034 609 2155 658 Dan).

712 680 895 715 Lecanora
919 692 1113 713 muscarum
1140 678 1242 714 Ach.
1269 677 1349 727 Syn.
1383 692 1414 727 p.
1448 677 1528 712 193.
1553 697 1601 704 —
1629 677 1807 713 Parmelessa
1834 679 1890 713 lsr.
1914 677 1952 713 L.
1980 677 2021 712 E.
2056 692 2088 726 p.
2134 677 2181 712 95

615 740 686 788 (pp.
716 746 749 775 et
776 738 859 774 exet.
888 739 938 784 b).

717 807 867 842 Lecidea
896 817 1042 840 carnosa
1070 802 1207 837 Smrft.
1235 801 1352 851 Suppl.
1382 816 1415 851 p.
1444 801 1513 838 174
1542 803 1642 848 (excl.
1671 804 1709 850 ῥ’)
1734 825 1785 830 —
1812 804 1995 839 Parmelia
2019 803 2182 839 Schaer.

616 865 737 901 Enum.
766 880 797 914 p.
827 863 885 899 53.
912 885 958 891 —-
988 862 1231 907 IlIassalongz'a
1258 859 1415 896 Koerb.
1448 860 1538 911 Syst.
1567 876 1598 911 p.
1631 862 1699 897 109
1728 863 1827 909 (excl.
1855 866 1900 908 β).

709 934 804 971 Exs.
855 933 893 970 L.
916 933 975 968 Su.
1001 946 1031 968 n.
1060 932 1118 967 44.
1144 953 1194 959 —
1224 930 1406 967 Schaer.
1438 947 1469 968 n.
1493 932 1576 968 482.

716 1018 832 1066 Supra
859 1029 1006 1053 muscos
1035 1015 1177 1064 rupium
1203 1014 1473 1064 subalpinarum
1500 1021 1536 1052 et
1561 1015 1851 1064 inferalpinarum
1881 1015 2013 1064 passim
2043 1015 2186 1064 parcius

568 1092 632 1128 per
659 1076 928 1117 Nordlandiam,
958 1074 1201 1111 Finmarkiam
1232 1074 1528 1124 Lappouiamque
1556 1076 1755 1111 Suecicam.

715 1145 750 1180 A
783 1145 980 1181 Pamzariis
1014 1150 1047 1179 et
1083 1143 1265 1192 praecipue
1299 1144 1341 1178 P.
1369 1144 1547 1192 lepidiota,
1583 1157 1669 1192 quae
1703 1158 1766 1192 pro
1793 1144 1891 1191 liujus
1918 1143 2023 1178 forma
2050 1149 2101 1177 est
2129 1142 2186 1177 ha-

568 1207 649 1245 bita,
676 1205 770 1239 facile
796 1204 1003 1251 dignoscitur
1028 1204 1117 1238 notis
1144 1215 1245 1251 supra
1273 1203 1376 1237 allatis
1402 1209 1434 1237 et
1458 1205 1639 1252 praecipue
1665 1205 1789 1239 interna
1806 1203 2058 1252 apotheciorum
2080 1207 2186 1237 struc-

568 1273 648 1300 tura.
703 1263 794 1299 Nam
818 1270 952 1311 praeter
978 1275 1098 1310 spor-as
1125 1261 1395 1303 subfusisormes,
1423 1262 1594 1311 dyblastas
1621 1265 1744 1309 (aetate
1766 1263 1928 1298 interdum
1952 1261 2188 1307 tetrabhstas),

567 1327 598 1359 in
628 1325 713 1359 ascis
734 1324 870 1358 clavatis
897 1328 1052 1363 octonas,
1080 1320 1389 1370 luteulo-hyalinas,
1416 1323 1592 1363 0,028—34
1620 1336 1695 1357 mm.
1724 1323 1842 1370 longas
1867 1329 1899 1357 et
1927 1323 2080 1362 0‚007—8
2110 1333 2187 1354 mm.

569 1385 651 1418 latas
676 1382 885 1431 paraphyses
920 1380 1065 1421 validae,
1096 1380 1250 1415 distincte
1277 1387 1310 1415 et
1342 1381 1513 1428 eleganter
1538 1382 1743 1425 articulatae,
1773 1384 1868 1430 apice
1898 1380 2187 1428 capitato-incras-

571 1449 661 1477 satae
692 1442 989 1488 suscescentesque
1024 1445 1135 1474 notam
1172 1440 1336 1488 praebent
1370 1439 1650 1475 distinctissimam
1680 1448 1713 1477 et
1738 1442 2004 1490 pulcherrimam.
2027 1460 2077 1465 —
2108 1437 2187 1472 No-

571 1515 645 1537 men
660 1514 824 1535 carnosae
839 1498 1095 1549 praeserendum
1121 1506 1172 1535 est
1196 1500 1337 1534 maxime
1360 1499 1463 1534 dubio
1490 1500 1533 1534 illi
1559 1514 1769 1542 muscortcm,
1796 1514 1870 1536 nam
1899 1501 2045 1548 quinque
2071 1497 2187 1532 saltem

572 1561 704 1609 species
728 1560 859 1595 nomine
886 1558 1050 1594 Lz'cleem‘s
1077 1572 1272 1594 muse-orum
1297 1565 1372 1594 sunt
1398 1558 1567 1595 salutatae.

1110 1679 1290 1722 Subfam.
1320 1679 1359 1719 2.
1418 1677 1646 1720 Plaoodoei.

724 1765 871 1802 Thallus
894 1768 970 1814 jam
996 1767 1158 1816 primitus
1186 1773 1411 1810 crustaeeus,
1439 1767 1573 1804 ambitu
1601 1765 1850 1803 tautummodo
1887 1765 2188 1814 soliaceo-effigu—

575 1832 679 1863 ratus.
733 1824 938 1874 Apothecia
966 1826 1180 1863 lecanorina.

1039 1946 1105 1987 18.
1163 1947 1405 1989 Placodium
1434 1948 1548 1989 Hill.
1579 1948 1730 1988 cmcnd.

725 2035 872 2072 Thallus
908 2035 1042 2071 ambitu
1075 2034 1405 2079 stellato-radiatus,
1445 2041 1569 2073 centro
1604 2035 1939 2073 rimoso-areolatus
1971 2034 1990 2070 l.
2021 2048 2188 2084 squamu-

576 2099 689 2138 losus;
716 2094 905 2144 apothecia
929 2093 1244 2136 scutellaeformia,
1273 2096 1434 2143 primitus
1460 2096 1581 2132 clausa
1605 2100 1640 2132 et
1669 2096 1748 2145 plus
1782 2095 1897 2130 minus
1912 2094 2089 2135 immersa,
2107 2095 2190 2131 dein

576 2157 729 2196 elevata,
759 2153 929 2201 excipulo
957 2152 1114 2189 thallode
1142 2154 1354 2203 marginata:
1381 2167 1513 2203 sporae
1537 2155 1735 2203 simplices,
1766 2160 1935 2194 octonae,
1958 2153 2188 2190 incoloratae.

726 2222 837 2257 Nimis
865 2222 992 2257 subtilis
1019 2228 1052 2257 et
1078 2235 1160 2269 vaga
1183 2222 1258 2257 mihi
1287 2224 1355 2257 visa
1382 2229 1431 2257 est
1456 2222 1620 2257 distinctio
1650 2237 1808 2271 generum
1836 2223 2041 2258 Placodiiet
2061 2222 2191 2257 Psoro-

579 2287 681 2317 matis
706 2281 834 2316 Mass.
859 2288 891 2316 et
918 2281 1094 2323 Koerb.‚
1121 2294 1222 2329 quare
1249 2294 1315 2315 non
1342 2282 1431 2330 potui
1461 2294 1527 2316 non
1553 2282 1636 2317 haec
1663 2283 1794 2329 (saltem
1818 2282 1858 2316 ad
1878 2282 2023 2327 iuterim)
2051 2283 2189 2327 conjun-

578 2355 669 2388 gere.
721 2339 900 2375 Praeterea
928 2340 1094 2375 fatendum
1125 2347 1192 2382 est,
1219 2340 1431 2374 differentiam
1455 2341 1538 2375 inter
1564 2341 1785 2381 Placodium,
1820 2348 1854 2375 ut
1883 2354 1979 2389 supra
2009 2340 2190 2380 limitatum,

578 2408 610 2435 et
634 2400 851 2435 Lecanoram
879 2412 943 2433 non
969 2399 1147 2434 admodum
1175 2412 1325 2446 magnam
1355 2412 1446 2440 esse,
1474 2412 1574 2446 quum
1603 2401 1733 2448 species
1763 2400 1885 2440 adsint,
1911 2400 1952 2434 ab
1976 2398 2095 2434 eodem
2113 2412 2191 2434 auc-

578 2466 649 2494 tore
685 2472 772 2493 nunc
814 2457 905 2498 huic,
937 2471 1024 2493 nuuc
1047 2459 1089 2492 illi
1119 2458 1314 2507 adscriptae.
1368 2457 1483 2493 Posita
1512 2459 1598 2493 enim
1625 2465 1675 2493 est
1703 2459 1866 2493 distinctio
1895 2464 2017 2492 tantum
2046 2459 2075 2491 in
2105 2458 2190 2493 thalli

579 2519 651 2567 plus
677 2519 782 2552 miuus
810 2517 978 2564 el'ligurata
1005 2517 1057 2551 vel
1085 2518 1457 2564 granulato-verrucosa
1486 2517 1604 2558 forma,
1627 2530 1712 2565 quae
1733 2518 1829 2552 valde
1847 2523 1898 2551 est
1917 2517 2091 2552 variabilis.
2121 2516 2190 2552 Csr.

579 2576 733 2611 Koerb.
762 2575 851 2625 Syst.
876 2591 906 2625 p.
937 2575 1024 2617 139,
1053 2577 1107 2610 ubi
1136 2578 1232 2611 etiam
1257 2577 1309 2612 ille
1332 2577 1478 2611 intimum
1503 2576 1589 2611 hunc
1618 2589 1737 2611 nexum
1766 2577 1934 2624 agnoscit,
1964 2589 2062 2624 quum
2079 2576 2192 2611 Leca-

578 2649 697 2671 waram
711 2635 953 2682 frustulosam
982 2654 1010 2670 α.
1036 2642 1199 2671 memoret
1227 2635 1415 2671 ”transitum
1443 2636 1474 2670 in
1502 2635 1707 2670 Placodium
1734 2634 1907 2670 formare.''
