2379 3188
1661 260 1744 301 333

324 366 361 408 β.
390 371 602 401 cinerascens
629 362 703 400 Th.
734 363 820 399 Fr.:
847 368 965 399 crusta
992 363 1111 399 albida
1140 362 1160 399 l.
1187 363 1453 405 cinerascente;
1486 364 1685 413 apotheciis
1722 366 1798 414 pla—

173 424 343 461 niusculis
371 427 405 459 et
430 423 590 472 margine
617 422 846 471 prominente
876 421 937 458 diu
966 422 1181 471 persistente
1213 422 1354 464 cinctis,
1384 423 1468 459 dein
1495 425 1671 460 convexis
1706 438 1799 461 mar-

171 486 254 533 gine
281 481 445 518 excluso.

318 549 434 597 Supra
472 553 626 584 crustam
655 549 840 598 Spbyriclz'z'
865 548 1030 598 byssoidis
1059 548 1209 597 passim,
1237 549 1321 597 Splz.
1342 549 1561 598 placopbylli
1586 551 1703 587 rarius
1731 564 1798 599 per

171 606 428 643 Nordlandiam
469 607 802 656 1⁴'inmarkiamque;
833 621 903 643 var.
932 607 968 649 β.
997 607 1173 642 similibus
1202 606 1291 643 locis
1319 613 1353 643 et
1381 621 1492 656 saepe
1520 622 1602 644 cum
1628 628 1655 645 n.
1686 610 1798 646 mixta

171 665 235 702 sed
265 666 325 702 vix
368 666 458 701 ullos
488 666 646 702 directos
684 666 851 702 transitus
879 666 1069 716 praebens.
1121 666 1226 702 Hanc
1250 666 1458 703 varietatem
1488 667 1521 703 in
1551 668 1799 705 Groenlandia

172 737 320 774 quoque
348 725 432 774 legit
459 726 488 761 J.
520 724 644 761 Vahl.

324 793 390 832 Qui
430 793 591 828 Euellias
628 795 658 828 in
690 793 928 840 Oryctogerms
970 799 1002 828 et
1043 794 1295 841 Organogenas
1332 794 1401 829 vult
1442 794 1609 837 dividere,
1647 797 1795 843 speciem

172 859 383 901 praesentem
413 852 463 887 his
491 865 602 900 neque
630 853 692 887 illis
720 852 939 888 adnumerare
969 852 1088 894 debet,
1118 867 1190 888 nam
1221 855 1317 889 etiam
1348 867 1448 902 quum
1476 856 1564 889 saxis
1592 855 1726 890 adnasci
1749 857 1796 889 vi-

170 913 282 953 detur,
321 925 456 960 semper
496 919 594 945 tenue
637 910 822 959 Spleyridii
862 910 1029 959 byssoidis
1058 918 1194 947 stratum
1234 913 1338 948 adest.
1379 935 1430 940 ——
1466 913 1658 963 Apotliecia
1692 927 1796 962 saepe

172 973 371 1020 centripeta,
400 976 581 1017 aggregata
604 976 636 1005 et
662 970 878 1011 confluentia,
908 972 1052 1006 circulos
1079 972 1261 1007 formantia.
1315 971 1400 1007 Asci
1429 973 1630 1015 subc-lavati,
1656 987 1734 1008 mox
1762 986 1794 1008 e-

171 1031 296 1073 vanidi,
323 1030 570 1078 paraphysibus
599 1029 805 1065 filil‘ormibus
834 1029 1069 1078 conglutinatis
1097 1033 1210 1071 cim-th
1240 1045 1362 1080 sporae
1391 1038 1550 1074 octonae,
1579 1033 1797 1083 subellipsoi-

171 1091 272 1132 deae,
314 1089 424 1124 medio
468 1089 683 1130 constrictae,
723 1090 875 1137 utrinque
914 1090 1072 1132 obtusae,
1107 1090 1299 1140 dyblastae,
1339 1091 1471 1134 fuscae,
1511 1093 1687 1134 Ome—18
1724 1106 1798 1127 mm.

170 1150 291 1196 longae
317 1155 349 1184 et
377 1148 532 1188 Omna—s
562 1161 637 1183 mm.
665 1148 757 1183 latae.
790 1169 835 1174 —
867 1147 1074 1184 Varietatem
1102 1156 1130 1195 β.
1160 1149 1214 1184 diu
1243 1150 1420 1191 haesitavi,
1445 1164 1483 1184 an
1508 1152 1631 1185 rectius
1660 1164 1719 1200 pro
1749 1151 1798 1185 di-

171 1209 287 1243 stincta
327 1207 441 1254 specie
480 1206 656 1247 haberem,
701 1207 761 1242 sed
790 1220 990 1255 quamquam
1018 1208 1103 1242 thalli
1135 1209 1230 1244 color
1257 1223 1285 1245 e.
1314 1223 1339 1245 s.
1369 1224 1399 1258 p.
1430 1209 1552 1251 differt,
1588 1211 1690 1245 satius
1719 1210 1797 1245 duxi

171 1280 243 1302 eam
272 1273 305 1301 ut
336 1267 526 1300 varietatem
565 1280 773 1315 proponere,
802 1281 903 1315 quum
931 1274 964 1303 et
990 1268 1165 1303 crescendi
1204 1267 1305 1302 modo
1334 1275 1367 1303 et
1390 1270 1514 1303 interna
1544 1269 1797 1318 apotheciorum

172 1332 334 1362 structura
375 1326 508 1359 omnino
535 1338 609 1360 cum
634 1344 661 1360 α.
689 1328 882 1367 conveniat;
907 1340 1028 1376 sporae
1055 1327 1285 1362 tantummodo
1313 1328 1378 1362 sint
1406 1328 1516 1363 forsan
1549 1328 1659 1363 medio
1687 1329 1797 1377 paullo

171 1387 278 1421 minus
306 1386 516 1420 constrictae.
572 1383 607 1421 In
635 1390 774 1432 utraque
803 1386 905 1420 forma
939 1387 1007 1421 asci
1041 1399 1119 1421 mox
1146 1392 1366 1428 evanescunt,
1394 1392 1429 1420 ut
1456 1392 1523 1421 tum
1553 1401 1675 1437 sporae
1705 1389 1798 1423 inve-

171 1446 299 1481 niantur
326 1444 465 1491 simplici
493 1443 609 1478 ordine
638 1445 721 1479 inter
750 1445 958 1494 paraphyses
986 1445 1179 1494 dispositae.

321 1510 600 1546 Sommerfelt
637 1513 668 1546 in
696 1510 817 1562 Suppl.
853 1514 938 1548 inter
965 1513 1148 1548 Lecztdeam
1187 1513 1395 1548 citrinellam
1431 1530 1460 1548 α.
1487 1519 1520 1548 et
1546 1519 1575 1558 β,
1601 1514 1798 1550 scabrosam

171 1569 354 1618 distinguit,
383 1571 442 1606 sed
473 1572 503 1605 in
533 1571 687 1606 herbario
715 1573 788 1617 ejus
818 1573 881 1607 sub
907 1579 1050 1620 utroque
1078 1573 1211 1608 nomine
1240 1572 1384 1608 Buellz‘a
1411 1571 1573 1608 scabrosa
1602 1581 1635 1610 et
1659 1580 1798 1610 externo

172 1629 284 1664 habitu
312 1629 399 1664 haud
431 1630 588 1665 absimilis
617 1630 899 1679 Artlworlmpleis·
919 1633 1190 1678 flavozvirescens
1216 1632 1337 1669 adsunt
1367 1633 1495 1667 mixtae.

379 1696 393 1712 ⁴*
418 1697 433 1712 *
459 1697 475 1713 ⁸⁸
502 1697 517 1713 ⁴*
545 1697 766 1741 Parasiticae,
794 1699 893 1734 thallo
923 1700 1029 1742 nullo,
1064 1701 1175 1747 sporis
1203 1700 1395 1735 normaliter
1422 1701 1623 1736 tetrablastis
1651 1700 1799 1750 (Lecio-

169 1756 313 1805 graphan
342 1755 501 1804 Mass).

327 1825 381 1859 10.
409 1824 460 1859 B.
501 1824 675 1859 urceolam
702 1836 734 1859 n.
763 1836 839 1872 sp.:
880 1824 989 1861 thallo
1023 1825 1160 1866 alieno;
1197 1823 1397 1873 apotheciis
1439 1825 1593 1865 adnatis,
1640 1826 1798 1868 minutis,

174 1883 273 1919 disco
308 1883 470 1931 primitus
510 1882 691 1930 profunde
734 1883 936 1925 urceolam,
977 1884 1061 1919 dein
1089 1896 1254 1919 concavo
1293 1887 1328 1918 et
1361 1884 1522 1932 margine
1555 1885 1799 1932 prominente.

175 1941 430 1982 crassiusculo,
460 1941 936 1978 suburceolam-constricto
962 1942 1198 1991 persistenter
1226 1942 1362 1982 ciuem,
1391 1949 1485 1984 ati-0,
1514 1944 1626 1979 nudo.

322 2009 414 2059 Syn.
446 2010 593 2045 Lecidea
618 2016 818 2058 parasitica
847 2010 986 2046 Smrl't.
1016 2010 1135 2058 Snppl.
1164 2024 1196 2058 p.
1227 2010 1308 2045 153.

325 2076 360 2117 β.
391 2078 566 2112 deminuta
594 2075 666 2112 Th.
697 2077 782 2113 Fr.:
809 2077 1009 2125 apotheciis
1040 2077 1302 2118 minutissimis,
1332 2077 1720 2126 subpunctiformibus,
1746 2079 1798 2115 di-

175 2146 237 2170 sco
267 2135 411 2170 demum
441 2135 675 2183 planiusculo.

327 2203 419 2251 Syn.
454 2203 624 2239 Calleimn
656 2202 872 2239 turbinacwn
901 2204 1039 2240 Smrft.
1072 2204 1191 2253 Suppl.
1221 2218 1253 2252 p.
1284 2204 1364 2240 177.

328 2270 476 2305 Lecislea
498 2277 700 2320 parasilica
728 2278 757 2317 β.
786 2272 962 2307 deminuta
990 2272 1061 2307 Th.
1092 2271 1154 2307 Fr.
1179 2274 1208 2307 in
1234 2271 1314 2307 Vet.
1337 2271 1401 2306 Ak.
1427 2271 1531 2307 Forh.
1554 2273 1649 2307 1856
1668 2287 1697 2320 p.
1718 2273 1799 2307 127.

326 2337 441 2386 Supra
479 2345 615 2376 crustas
652 2341 834 2376 variorum
874 2341 1071 2383 lichenum,
1115 2340 1312 2389 praecipue
1346 2343 1584 2388 Microglmzae
1612 2343 1801 2391 symmetri-

177 2397 301 2436 nm'dz‘s,
346 2397 526 2432 Biletmbme
563 2399 780 2441 obscur-alae,
821 2400 995 2435 Biana-ae
1037 2401 1187 2435 vernales
1230 2412 1294 2448 per
1328 2399 1604 2442 Nordlandiam,
1639 2401 1800 2436 Finmar-

178 2455 288 2496 kiam,
330 2455 393 2491 ins.
435 2456 746 2507 Spitsbergenses,
787 2458 1088 2499 Groenlandimm
1116 2471 1187 2494 var.
1213 2466 1241 2506 β.
1270 2472 1417 2507 semper
1446 2464 1600 2495 crustam
1634 2462 1802 2495 Bictlorae

177 2528 324 2562 cupreae
350 2513 527 2551 infestans.

330 2581 361 2616 A
386 2581 428 2615 B.
453 2588 652 2630 parasitica
680 2584 771 2631 (Fl.)
796 2599 821 2620 s.
855 2585 1111 2632 Dactylospora
1142 2585 1281 2620 Flb'rkez'
1309 2585 1465 2620 Koerb.
1497 2586 1718 2634 Syst.1›.‘271
1740 2586 1800 2619 dif-

185 2640 245 2675 sert
287 2639 470 2688 apotheciis
510 2642 656 2677 nonnihil
695 2644 895 2685 minoribus,
923 2644 1167 2679 suburceolatis
1194 2651 1226 2680 et
1252 2646 1399 2692 margine
1431 2645 1663 2679 crassiusculo.
1719 2645 1800 2679 Asci

1580 2702 1628 2736 42
1648 2712 1662 2735 b
