2379 3188
627 292 715 334 140

720 398 752 433 8.
810 396 847 434 C.
885 397 1081 446 saepincola
1111 395 1291 445 (Ehrh.):
1326 395 1433 433 thallo
1478 396 1776 440 membranaceo,
1815 397 1987 440 foliaceo,
2028 397 2180 434 adscen-

571 456 697 500 dente,
735 455 1075 497 sinuato-laciniam,
1115 455 1401 492 olivaceo-fusco
1438 456 1552 504 (sicco
1592 459 1787 506 castaneo),
1822 456 1948 493 subtus
1973 456 2179 506 pallidiore;

570 515 768 565 apotheciis
808 513 1147 564 submarginalibus‚
1186 514 1280 550 lobis
1308 515 1423 551 antice
1450 515 1605 557 adflatis,
1632 514 1733 551 disco
1760 515 1988 558 saturatiore,
2019 515 2180 566 margine

570 574 766 611 crenulato.

721 641 817 691 Syn.
873 639 1037 677 Cetrarzssa
1063 643 1257 690 saepiae-ola
1285 641 1385 676 Aah.
1412 640 1512 676 Univ.
1541 656 1573 690 p.
1597 642 1688 683 507,
1716 641 1799 691 Syn.
1826 657 1859 691 p.
1883 643 1974 684 226,
1998 642 2060 678 Fr.
2077 642 2115 678 L.
2136 642 2176 678 E.

619 714 651 748 p.
683 700 748 743 39,
775 699 945 735 Schaer.
972 699 1092 735 Enum.
1118 715 1150 749 p.
1182 701 1244 739 14,
1275 700 1401 735 Mass.
1430 699 1537 735 Mem.
1565 714 1597 748 p.
1626 701 1695 743 58,
1720 701 1872 736 Koerb.
1902 700 1995 750 Syst.
2013 716 2044 749 p.
2065 702 2180 738 47.—

620 758 749 794 Liclzen
775 758 927 806 Wnbg.
956 758 1064 807 Lapp.
1095 773 1127 807 p.
1158 759 1240 794 432.
1270 781 1315 786 —-
1341 759 1518 794 Par-melia
1547 758 1685 794 Smrft.
1710 758 1834 808 Suppl.
1863 774 1896 808 p.
1929 760 2007 795 114.

718 825 816 862 Exs.
869 825 1006 861 Smrst.
1036 841 1066 861 n.
1093 827 1172 862 15⁶2.
1208 849 1244 854 —
1274 826 1315 862 L.
1343 826 1403 862 Su.
1431 840 1462 860 n.
1496 826 1573 863 170.

721 897 758 938 β.
812 899 967 934 rosulata
1005 897 1076 934 Th.
1121 898 1204 934 Fr:
1243 898 1350 935 thallo
1380 900 1531 941 minuto,
1563 900 1757 948 depresso,
1784 899 2179 939 rosulato—orbiculari;

570 955 841 1004 apotheciorum
871 956 972 992 disco
1002 957 1108 992 valde
1134 957 1277 993 nitente.

718 1046 748 1076 ‘y.
803 1034 1036 1082 chloropltylla
1066 1033 1265 1082 (Humb.):
1298 1034 1431 1071 laciniis
1459 1035 1644 1071 latioribus
1671 1035 1858 1084 magisque
1885 1035 2029 1076 erectis,
2059 1034 2094 1070 in
2121 1046 2181 1070 so-

569 1090 670 1126 redia
702 1090 1053 1140 albo—pulverulenta
1088 1092 1348 1136 fatiscentibnffi
1379 1094 1576 1143 apotheciis
1626 1093 1878 1143 marginalibus
1917 1093 2180 1129 terminalibus—

570 1163 657 1199 que,
685 1151 845 1200 margine
873 1152 970 1187 tenui
999 1152 1144 1187 demum
1173 1153 1336 1189 excluso.

720 1218 818 1268 Syn.
872 1220 1001 1255 Lichen
1034 1222 1228 1269 saepiucola
1254 1228 1282 1267 β.
1311 1222 1485 1270 ztlopllylla
1510 1221 1664 1270 Vang.
1693 1222 1800 1270 Lapp.
1830 1235 1862 1269 p.
1894 1220 1976 1255 433.
2011 1242 2056 1248 —-
2084 1221 2179 1255 Par-

619 1278 718 1313 melc'a
747 1278 883 1314 Smrst.
915 1279 1034 1328 Suppl.
1067 1294 1099 1328 p.
1134 1281 1212 1315 114.

722 1345 819 1381 Exs.
872 1347 986 1383 Flke.
1017 1363 1046 1383 n.
1075 1348 1132 1382 48.

719 1430 760 1464 In
789 1430 999 1480 regionibus
1030 1431 1144 1481 magis
1179 1432 1473 1468 meridionalibus
1508 1433 1624 1468 forma
1657 1431 1823 1481 primaria
1857 1431 1902 1467 ad
1929 1430 2119 1479 juniperos
2147 1435 2182 1466 et

570 1486 665 1536 ligna
689 1487 883 1525 fabrefacta
912 1490 1046 1539 passim
1074 1490 1180 1526 obvia
1207 1492 1488 1540 septentrionem
1521 1504 1648 1527 versus
1674 1491 1837 1533 rarescit,
1865 1491 1931 1526 sed
1962 1491 1996 1526 in
2021 1490 2181 1525 Finmar-

571 1546 665 1582 kiam
700 1547 910 1584 orientalem
945 1550 1020 1593 (ex.
1049 1562 1101 1598 gr.
1134 1549 1179 1586 ad
1207 1551 1372 1596 Polmak)
1401 1556 1435 1586 et
1463 1550 1745 1587 Groenlandiam
1770 1551 1820 1596 (in
1846 1555 1933 1585 cort.
1962 1549 2110 1585 Betulae
2135 1548 2181 1584 ad

570 1606 634 1641 sin.
665 1607 900 1643 Tessarmiut:
927 1608 957 1644 J.
985 1607 1117 1655 Vahl)
1144 1614 1262 1645 tamen
1293 1610 1537 1659 progr-editum
1566 1623 1638 1646 var.
1664 1618 1692 1656 (J.
1722 1610 1757 1645 in
1783 1609 1880 1645 saxis
1909 1621 2023 1657 prope
2041 1607 2181 1644 Klubb-

571 1664 765 1700 naesviken
794 1666 1014 1716 Varangriae
1043 1667 1177 1709 inveni,
1207 1673 1241 1704 et
1268 1681 1340 1703 var.
1369 1688 1406 1714 μ,
1433 1669 1468 1704 in
1497 1669 1691 1717 parietibus
1722 1669 1848 1717 ligneis
1879 1668 2045 1716 pinisque
2063 1667 2183 1716 regio-

570 1737 655 1759 num
695 1723 983 1760 meridionalium
1024 1734 1077 1762 sat
1116 1727 1287 1776 frequens
1318 1735 1353 1763 et
1380 1728 1524 1777 quidem
1557 1728 1591 1763 in
1627 1727 1808 1763 Saltdalen
1836 1726 2032 1775 apotlicciis
2060 1730 2183 1761 ornata

570 1783 662 1819 lecta
706 1782 896 1832 (Smrft.),
936 1797 1051 1834 usque
1091 1786 1136 1821 ad
1176 1787 1347 1835 Bosekop
1387 1787 1566 1823 Finmark.
1606 1786 1838 1822 occidentalis
1874 1785 1919 1834 (J.
1960 1784 2094 1834 Vahl)
2130 1790 2184 1821 est

572 1841 772 1878 observata.

722 1911 805 1947 Asci
843 1914 970 1955 minuti,
1004 1914 1267 1950 inflato-clavati:
1302 1915 1510 1964 paraphyses
1542 1921 1631 1949 arcte
1667 1914 1927 1961 conglutinatae,
1958 1927 2079 1961 sporae
2113 1915 2183 1960 (vix

572 1973 733 2018 maturae)
761 1973 847 2007 aseis
882 1979 971 2007 arcte
998 1973 1162 2014 inclusae,
1190 1974 1375 2021 simplices,
1403 1974 1568 2022 hyalinae,
1598 1973 2061 2021 ellipsoi(leo-subglobosae,
2088 1973 2180 2015 Quos,

571 2045 646 2066 mm.
674 2031 793 2078 longae
821 2037 854 2066 et
879 2032 971 2073 0‚u04
1001 2045 1076 2067 mm.
1105 2032 1197 2068 latae.
1250 2032 1286 2068 In
1316 2034 1469 2068 omnibns
1500 2033 1612 2068 formis
1643 2033 1779 2068 similem
1808 2032 1873 2067 vidi
1902 2038 2107 2067 structuram.
2136 2053 2180 2058 —

571 2090 652 2125 Var.
677 2097 714 2136 β,
738 2090 780 2124 ad
809 2108 837 2125 α.
861 2090 981 2126 eodem
1011 2091 1110 2125 modo
1142 2105 1217 2127 sese
1244 2090 1372 2128 habens
1400 2106 1438 2128 ac
1465 2100 1494 2139 ρ’.
1519 2099 1672 2128 sciastra
1700 2092 1740 2126 ad
1768 2092 1892 2127 Parm.
1923 2092 2182 2134 Faldmoeuwm,

571 2151 707 2197 insignis
749 2151 929 2199 praecipue
963 2156 1015 2185 est
1048 2149 1122 2184 loco
1153 2150 1336 2193 habitandi,
1361 2152 1533 2187 crescendi
1562 2152 1662 2187 modo
1691 2158 1723 2186 et
1751 2150 1934 2199 apotheciis
1962 2151 2046 2186 adeo
2074 2151 2182 2186 nitidis

573 2222 612 2243 ac
639 2210 665 2243 si
692 2209 815 2255 glutine
844 2208 987 2256 quodam
1013 2209 1152 2244 collinita
1184 2217 1305 2245 essent.
1335 2231 1380 2238 —-
1408 2210 1489 2247 Var.
1516 2230 1542 2257 y.
1568 2213 1650 2246 inter
1689 2224 1798 2245 veram
1832 2209 1869 2245 C.
1896 2211 2121 2259 saepiucolam
2151 2218 2183 2247 et

578 2267 614 2303 C.
642 2268 805 2313 glaucam
838 2267 922 2302 adeo
950 2273 1002 2302 est
1037 2268 1160 2310 media,
1198 2275 1231 2303 ut
1264 2282 1366 2317 saepe
1395 2269 1493 2305 dubia
1522 2272 1651 2318 possint
1679 2271 1837 2310 existere,
1865 2282 1941 2303 num
1968 2269 2043 2304 huic
2073 2284 2111 2305 an
2140 2271 2181 2306 illi

575 2327 696 2360 rectius
724 2324 942 2360 adscribenda
970 2327 1019 2361 sit.

1075 2489 1199 2529 Fam.
1228 2491 1294 2530 ΠΙ.
1358 2490 1681 2531 PEL'rlcnnnl.

726 2575 871 2612 Thallus
895 2575 1078 2613 foliaeeus.
1129 2576 1332 2626 Apothecia
1358 2577 1617 2626 peltaeformia,
1644 2577 1888 2627 immarginata
1907 2579 1927 2616 l.
1945 2579 2026 2615 velo
2052 2579 2182 2616 thallo-

574 2635 620 2671 (lc
647 2635 790 2684 dirupto
831 2635 951 2684 spurie
986 2636 1192 2685 marginata.
1244 2636 1377 2672 Discus
1405 2636 1565 2685 primitus
1592 2636 1742 2673 clausus.
