2379 3188
1639 271 1727 313 203

171 381 461 431 Nylanderianum,
503 377 586 412 nulla
627 377 850 426 descriptione
891 377 1067 417 suffultum,
1102 375 1305 411 Lecmzorae
1353 377 1660 425 carneo—pallidae,
1704 392 1775 413 eam

170 442 214 476 ob
249 452 396 475 caussam
429 435 544 472 liclieni
574 437 696 471 arctico
723 450 787 471 non
814 437 972 477 adtribui,
1000 435 1092 484 quod
1119 437 1240 482 justum
1267 437 1373 470 visum
1400 441 1451 470 est
1477 449 1597 472 nomen
1623 436 1717 485 primi
1734 439 1779 472 in—

171 500 313 536 ventoris
341 498 508 544 recipere,
537 494 593 543 qui
621 496 900 530 accuratissimam
926 495 1188 544 descriptionem
1217 494 1380 529 addiderit
1408 494 1664 531 ‹lenominationi
1693 498 1779 544 opti—

171 572 259 599 mae,
285 569 483 605 quamquam
511 561 645 604 postea,
673 556 867 590 auctoritate
895 554 1073 590 Acharii
1101 561 1306 595 commotus,
1324 554 1409 589 banc
1423 556 1621 603 suppressit.
1673 555 1781 590 Affert

169 627 273 653 tamen
299 629 393 651 suum
421 627 541 649 nomen
568 619 603 647 ut
629 627 857 662 synonymon,
885 616 939 649 vix
966 614 1068 649 dubie
1093 620 1127 648 ut
1159 614 1339 661 significet,
1367 613 1432 648 hoc
1450 626 1527 648 esse
1545 613 1782 654 adhibendum,

168 680 193 713 si
223 675 395 711 Achai-ii
424 673 650 708 determinatio
678 686 742 707 non
770 686 848 708 vera
883 674 1093 709 inveniretur.

315 760 348 793 4.
400 758 445 793 L.
487 757 622 792 oculata
663 756 865 805 (Dicks.):
906 761 1025 792 crusta
1050 757 1177 798 effusa,
1206 768 1295 791 mox
1322 755 1356 791 in
1380 755 1540 791 ramulos
1577 755 1780 791 corallinoi-

170 820 274 860 deos,
317 816 476 865 primitus
523 815 725 864 papillatos,
767 815 850 851 dein
890 815 1080 865 elongatos
1118 827 1375 863 ramososque,
1406 814 1645 863 eylindrieos,
1679 814 1780 850 albo-

167 879 450 925 glaueescentes,
478 874 580 922 apice
606 887 759 910 verruca
783 875 884 911 fusca
909 888 1019 924 saepe
1049 875 1257 911 terminatos
1291 874 1464 917 abeunte3
1491 873 1690 922 apotheciis
1719 874 1779 909 ad-

166 926 271 978 natis,
300 935 481 976 concavis,
509 933 606 976 atris,
637 934 798 983 margine
833 935 971 971 tumido
998 935 1149 984 integro.

313 1003 409 1053 Syn.
463 1002 594 1037 Licherz
620 1001 798 1038 obturatus
825 1002 933 1039 Vahl
960 1004 1013 1040 Fl.
1041 1003 1130 1042 Dan.
1157 1010 1177 1038 1.
1205 1001 1456 1038 1126t.1.—
1474 1002 1663 1049 D24f02c1·ea
1681 1002 1780 1037 Aeh.

215 1063 313 1100 Univ.
344 1077 376 1111 p.
403 1061 486 1104 5²25,
514 1060 611 1111 Syn.
645 1076 678 1110 p.
707 1062 791 1098 247.

300 1132 442 1166 Isidiztm
470 1130 648 1165 ocellatum
675 1129 777 1165 Ach.
806 1129 902 1165 Univ.
930 1144 963 1178 p.
995 1129 1078 1167 576.

312 1199 455 1233 [sidium
482 1197 696 1245 dactylinum
724 1196 824 1232 Ach.
854 1197 955 1233 Univ.
984 1213 1016 1247 p.
1041 1198 1115 1234 575
1143 1198 1242 1243 (excl.
1272 1202 1334 1246 β..)
1363 1197 1447 1247 Syn.
1475 1212 1507 1246 p.
1536 1197 1619 1233 28⁶2.

313 1266 443 1302 Lichen
470 1265 702 1312 dactylfferus
730 1264 886 1314 Wnbg.
913 1265 1021 1315 Lapp.
1047 1281 1079 1316 p.
1109 1267 1193 1301 414.

309 1334 490 1369 Lecanora
530 1334 667 1369 oculata
703 1333 804 1370 Ach.
832 1333 927 1383 Syn.
952 1349 984 1384 p.
1014 1333 1094 1375 148,
1126 1333 1261 1369 Smrft.
1290 1332 1407 1382 Suppl.
1439 1348 1470 1382 p.
1499 1333 1581 1369 102.
1610 1354 1654 1360 —
1683 1333 1780 1368 Par-

212 1394 310 1429 melia
338 1393 400 1429 Fr.
427 1392 465 1428 L.
492 1392 534 1427 E.
564 1407 594 1442 p.
628 1393 708 1429 135.
738 1414 785 1420 -
811 1393 1041 1429 Lecanidmm
1071 1392 1199 1428 Mass.
1227 1392 1372 1429 Miscell.
1398 1407 1431 1441 p.
1460 1392 1518 1428 37.

308 1462 493 1498 Lecanora
518 1460 687 1508 subfusca
710 1479 735 1507 y.
764 1461 958 1510 hypnorum
988 1462 1020 1497 b.
1046 1461 1185 1496 oculata
1219 1459 1395 1496 Seliaer.
1424 1460 1546 1496 Enum.
1574 1474 1607 1508 p.
1636 1459 1692 1494 75.

309 1529 402 1565 Exs.
456 1528 526 1564 Th.
563 1528 628 1564 Fr.
657 1544 687 1564 n.
717 1528 774 1564 34.

310 1614 348 1649 In
376 1612 567 1662 paludibus
590 1613 754 1662 locisque
781 1613 1008 1649 subhumidis
1038 1613 1198 1661 regionis
1226 1612 1366 1661 alpinae
1383 1611 1491 1648 totius
1506 1611 1616 1660 partis
1631 1609 1780 1646 Scandi-

162 1673 308 1709 navicae
335 1673 386 1719 (in
414 1673 617 1708 Finmarkia
643 1672 838 1722 ¹frequens,
863 1679 900 1708 ut
926 1685 985 1709 ex.
1009 1685 1060 1723 gr.
1087 1673 1123 1708 in
1152 1672 1293 1720 alpibus
1320 1670 1644 1720 Lebesbyensibus
1671 1673 1780 1705 totam

163 1732 238 1769 fere
266 1740 395 1770 terram
421 1736 530 1782 tegat,
559 1732 747 1768 meridiem
775 1745 902 1768 versus
917 1736 1138 1781 rarescens),
1153 1731 1363 1780 Lapponiae
1378 1730 1572 1767 Kemensis
1588 1734 1622 1765 et
1637 1730 1781 1764 Groen-

162 1792 300 1827 landiae
327 1791 404 1837 (ubi
431 1791 614 1841 vulgaris).
666 1792 783 1828 Etiam
810 1791 845 1827 in
872 1791 1069 1841 subalpinis
1096 1791 1141 1827 ad
1163 1790 1425 1840 epidermidem
1448 1795 1658 1826 truncorum
1673 1787 1782 1823 betu—

161 1851 272 1887 larum
297 1851 576 1900 putrescentium
605 1851 746 1899 parcius
783 1851 969 1887 invenitur.

312 1918 432 1955 Cruste
467 1919 579 1956 indole
612 1920 763 1955 facillime
796 1920 946 1955 distincta
981 1921 1131 1968 species,
1159 1933 1245 1967 quae
1272 1926 1378 1954 tamen
1408 1933 1481 1955 eam
1506 1919 1610 1954 solam
1640 1917 1684 1951 ob
1713 1929 1781 1951 rem

160 1979 289 2013 minime
312 1978 414 2014 debet
440 1992 546 2027 genus
573 1981 745 2028 proprium
774 1981 901 2015 sistere.
954 1978 1044 2014 Nam
1072 1992 1182 2026 neque
1211 1980 1275 2014 ulla
1305 1980 1364 2014 alia
1392 1979 1487 2013 adest
1522 1977 1713 2017 differentia,
1743 1982 1775 2010 et

163 2038 278 2073 thallus
305 2038 465 2072 interdum
494 2040 540 2085 (v.
565 2052 592 2073 c.
619 2040 650 2073 in
677 2038 883 2086 epidermide
905 2039 1055 2087 betulae)
1083 2046 1135 2074 est
1167 2039 1346 2074 sublaevis.
1399 2037 1663 2072 Transsormatio
1694 2035 1779 2069 thalli

163 2098 508 2145 papilloso-ramulosa
537 2104 710 2146 praeterea
739 2099 835 2133 etiam
876 2098 965 2146 apud
1001 2099 1083 2133 alios
1112 2098 1257 2133 lichenes
1285 2103 1480 2132 crustaceos
1506 2097 1650 2131 occurrit
1677 2099 1723 2141 (v.
1753 2108 1780 2129 c.

163 2157 298 2203 India),
323 2164 355 2192 et
381 2158 539 2205 imprimis
559 2170 641 2192 zona
674 2158 793 2192 arctica
820 2157 905 2192 hane
932 2157 1021 2191 thalli
1048 2157 1193 2192 indolem
1218 2158 1357 2204 gignere
1384 2156 1514 2191 videtur
1546 2155 1620 2201 (cfr.
1651 2168 1702 2190 ex.
1729 2167 1777 2201 gr.

163 2215 377 2250 Lecanoram
395 2224 587 2251 tartaream
603 2234 628 2261 y.
652 2217 871 2262 gonatodcm,
886 2216 1152 2264 spodophaeam,
1170 2217 1452 2265 Dimerosporam
1466 2214 1673 2263 aipospilam
1689 2217 1781 2258 etc.).

163 2272 259 2309 Haec
297 2274 383 2309 thalli
421 2275 551 2310 indoles
594 2277 724 2311 minime
761 2288 897 2323 quoque
926 2281 1012 2309 tanta
1040 2281 1107 2317 est,
1134 2282 1288 2324 quantam
1317 2289 1335 2311 e
1363 2275 1475 2310 verbis
1504 2272 1577 2309 Cel.
1619 2271 1780 2307 Massa-

165 2333 228 2367 lon
239 2334 294 2380 gii
321 2334 415 2369 facile
443 2335 661 2370 concluderes
689 2334 846 2383 (''questo
873 2347 999 2382 genere
1025 2335 1190 2370 differisce
1224 2335 1309 2370 dalle
1336 2339 1509 2370 Lecanora
1531 2347 1550 2368 e
1570 2332 1655 2367 dalle
1682 2331 1780 2366 Par-

163 2392 260 2426 melz'a
301 2405 397 2427 come
425 2393 453 2428 le
477 2394 627 2429 Biatora
656 2394 707 2428 dai
734 2395 941 2441 Baeomyces
967 2407 986 2429 e
1011 2393 1096 2429 dalle
1128 2394 1313 2435 Cladonia,
1341 2394 1371 2430 le
1399 2393 1551 2429 Bacidia
1576 2391 1627 2426 dai
1643 2391 1781 2426 Stereo-

165 2450 338 2500 caulon')
370 2473 415 2479 —-
442 2451 524 2487 Asci
565 2453 720 2500 elongati,
756 2452 1075 2502 clavato-cylindici,
1103 2453 1350 2502 paraphysibus
1378 2452 1589 2501 capillaribus
1611 2450 1781 2490 obvallati;

166 2521 285 2556 sporae
326 2510 554 2559 ellipsoideae,
585 2512 769 2559 simplices,
793 2511 963 2560 hyalinae,
991 2512 1055 2547 late
1080 2512 1251 2555 limbatae,
1288 2514 1462 2554 stols—25
1497 2524 1573 2545 mm.
1602 2510 1721 2556 longae
1749 2514 1780 2543 et

165 2566 260 2608 0‚012
286 2581 359 2602 mm.
386 2569 480 2604 latae.

317 2635 495 2670 Lecanora
525 2635 667 2672 obsoleta
690 2635 832 2673 Smrft.
857 2636 974 2686 Suppl.
1001 2650 1034 2685 p.
1058 2637 1105 2671 94
1131 2637 1233 2683 (excl.
1261 2637 1367 2685 syn),
1394 2648 1480 2683 quae
1508 2634 1695 2669 dubitanter
1709 2634 1774 2668 hu<-
