2379 3188
616 288 704 331 108

557 395 672 437 Italia,
712 395 843 437 Gallia,
886 394 1083 431 Germania
1124 394 1358 439 exhibentes,
1397 409 1504 446 quam
1536 396 1581 432 ad
1616 396 1858 434 remotissima
1886 397 1995 434 Maris
2022 398 2192 436 Glacialis

557 455 692 497 littora,
730 454 982 496 constantiam,
1025 453 1188 495 arbitror,
1231 458 1266 489 et
1303 455 1512 504 gravitatem
1548 455 1654 503 hujus
1684 455 1902 493 characteris
1927 457 2126 503 intelligere
2156 464 2191 494 et

558 526 761 564 agnoscere
787 525 941 551 neeesse
967 512 1071 548 foret.
1126 513 1269 548 Desunt
1295 514 1440 562 quidem
1468 514 1641 550 haetenus
1668 515 1841 556 rationes,
1870 528 1962 565 quae
1988 516 2033 551 ad
2049 506 2191 564 dijudi-

560 573 712 609 candam
747 577 850 607 caute
880 584 955 607 rem
985 571 1091 619 plene
1117 575 1323 619 suppetant,
1351 577 1504 608 attamen
1533 586 1606 609 non
1633 574 1774 609 inutiles
1803 587 1953 622 prorsus
1982 587 2050 610 nec
2077 576 2191 611 irritas

559 632 640 668 fore
673 644 761 680 quas
787 630 884 666 attuli
919 629 1124 678 symbolas,
1163 629 1255 665 laeta
1283 643 1341 666 me
1369 636 1467 667 tenet
1494 645 1588 679 spes.
1625 655 1670 660 —
1701 632 1782 667 Hoc
1809 632 1893 667 loco
1921 633 2005 668 satis
2035 634 2101 668 erit
2128 634 2191 668 ad-

559 696 721 731 notasse,
764 689 945 737 simplices
984 688 1132 723 omnino
1168 701 1296 736 sporas
1339 689 1521 725 definitam
1558 702 1625 724 nec
1651 689 1848 725 admodum
1874 691 2069 727 variantem
2098 692 2192 727 visas

559 749 645 786 mihi
680 749 813 784 offerre
846 746 1145 791 magnitudinem,
1180 752 1215 782 et
1241 747 1276 782 in
1307 753 1448 785 ceteras
1478 761 1668 796 spor-arum
1697 748 1849 789 formas,
1877 762 1949 797 quo
1978 750 2046 785 sint
2074 751 2191 785 minus

560 807 801 856 compositae,
844 818 889 840 eo
931 804 1002 840 hoc
1042 804 1155 853 magis
1198 806 1389 854 quadrare.
1455 808 1616 851 Quarum
1649 819 1737 841 vero
1766 808 1879 856 magis
1909 812 1962 842 est
1988 808 2190 857 complicita

559 871 753 906 structura,
783 863 1030 899 dimensiones
1058 868 1094 899 ut
1123 863 1315 912 plurimum
1347 871 1400 902 sat
1426 866 1604 901 variantes
1631 870 1728 907 sunt,
1760 865 1804 900 ita
1833 870 1951 900 tamen
1980 871 2016 901 ut
2039 866 2085 901 ad
2111 866 2190 902 lon-

558 926 757 975 gitudinem
793 935 861 958 nec
892 922 1114 957 latitudinem
1151 928 1290 971 spectet
1317 923 1387 959 hoc
1415 937 1623 972 sporarum,
1651 923 1825 959 blastidiis
1855 924 2039 959 unifariam
2069 924 2193 972 positis

559 984 800 1034 praeditarum
830 984 905 1028 (ex.
933 993 985 1030 gr.
1015 981 1260 1024 acicularium,
1289 983 1527 1018 fusiformium
1555 987 1658 1029 cet),
1689 995 1821 1030 sporae
1847 988 1966 1018 autem
1995 996 2026 1017 v.
2057 995 2085 1018 c.
2116 995 2193 1018 mu-

558 1043 652 1079 rales
680 1041 868 1088 utriusque
897 1044 932 1075 ut
959 1040 1176 1076 variationes
1202 1041 1408 1077 exhibeant.
1462 1042 1520 1077 De
1548 1042 1694 1076 maturis
1721 1041 1839 1089 sporis
1868 1041 1959 1077 hanc
1988 1040 2066 1076 fieri
2093 1053 2193 1076 men—

557 1102 711 1140 tionem,
751 1098 847 1134 haud
888 1098 1009 1133 forsan
1051 1111 1143 1146 opus
1174 1099 1218 1134 sit
1253 1105 1472 1140 memoratu,
1504 1113 1721 1148 omnesque,
1752 1113 1843 1149 quae
1871 1100 1962 1136 infra
1987 1100 2191 1139 afferantur,

557 1170 748 1208 sperarum
787 1157 1035 1192 dimensiones
1065 1170 1114 1192 ex
1148 1158 1214 1193 rite
1243 1159 1396 1194 evolutis
1426 1171 1507 1194 esse
1536 1159 1763 1207 desumptas2
1799 1159 1897 1207 quod
1926 1159 1955 1194 si
1986 1171 2114 1194 omnes
2141 1163 2193 1193 te-

558 1223 668 1255 neant
701 1216 932 1265 principium,
967 1215 1084 1251 minus
1113 1239 1157 1243 —
1180 1217 1215 1252 ni
1240 1217 1345 1253 fallor
1372 1241 1415 1245 -—
1447 1218 1507 1266 qui
1535 1217 1756 1266 singularum
1784 1218 1988 1266 specierum
2017 1218 2193 1267 magnitu-

559 1277 680 1313 dinem
717 1287 906 1323 sporarum
935 1274 1143 1322 exprimunt
1170 1276 1311 1311 numeri
1339 1276 1431 1312 inter
1458 1290 1498 1312 se
1524 1281 1684 1325 pugnent
1709 1281 1744 1311 et
1771 1276 1864 1312 inter
1891 1276 2064 1312 arctiores
2093 1289 2192 1311 com-

558 1336 742 1385 periantur
771 1334 908 1368 variare
933 1333 1077 1375 limites,
1108 1347 1215 1383 quam
1240 1347 1335 1370 nunc
1362 1336 1537 1377 videntur,
1563 1335 1760 1371 immaturis
1789 1348 1916 1383 saepe,
1933 1335 2044 1370 immo
2061 1334 2192 1384 germi-

558 1394 726 1433 nantibus
755 1393 860 1428 etiam
889 1392 1007 1440 sporis
1036 1393 1249 1429 examinatis
1279 1399 1313 1429 et
1343 1394 1525 1430 dimensis.

710 1453 924 1499 Priusquam
958 1451 1087 1499 ipsam,
1131 1465 1237 1500 quain
1279 1453 1499 1488 tractandam
1535 1453 1646 1501 elegi,
1682 1452 1875 1501 aggrediar
1900 1465 1992 1493 rem,
2016 1452 2190 1493 rationes,

559 1524 648 1560 quas
687 1510 723 1547 in
762 1510 996 1557 systematica
1037 1510 1275 1559 dispositione
1314 1516 1349 1547 et
1381 1512 1414 1547 in
1453 1511 1644 1547 limitandis
1679 1510 1872 1559 speciebus
1899 1515 1934 1546 et
1960 1523 2026 1559 per
2056 1522 2191 1559 genera

559 1568 812 1617 dispertiendis
837 1568 1085 1605 observandas
1109 1569 1193 1605 mihi
1221 1575 1327 1618 atque
1355 1571 1562 1619 sequendas
1592 1570 1782 1618 proposui,
1812 1582 1917 1618 quam
1950 1575 2077 1617 potero
2105 1582 2191 1618 pau-

559 1628 710 1664 cissimis
750 1627 912 1663 indicare
949 1632 984 1662 et
1020 1628 1190 1676 persequi
1230 1629 1339 1664 lubet.
1402 1630 1522 1664 Antea
1557 1634 1675 1664 tamen
1703 1628 1888 1676 expressis
1914 1628 2043 1663 iterum
2072 1628 2193 1663 verbis

557 1687 691 1723 licitum
720 1686 762 1721 sit
787 1686 1014 1734 praedicare,
1043 1687 1292 1722 reformatoris
1318 1687 1465 1722 minime
1493 1700 1561 1722 nec
1586 1687 1678 1722 velle
1708 1700 1765 1721 me
1791 1699 1859 1721 nec
1885 1699 1994 1734 posse
2022 1686 2190 1722 fiduciam

559 1752 594 1782 et
621 1745 868 1781 auctoritatem
896 1757 982 1793 prae
1011 1758 1069 1781 ine
1096 1745 1190 1781 ferre
1217 1745 1273 1780 vel
1300 1746 1509 1793 impetrare:
1531 1746 1615 1794 quin
1639 1750 1764 1780 contra
1785 1744 1937 1779 aliorum
1953 1757 2062 1793 saepe
2079 1745 2191 1793 scrip-

558 1810 677 1840 torum
708 1803 900 1851 opiniones
931 1804 1078 1852 excepi,
1109 1805 1270 1852 quamvis
1295 1805 1514 1848 grauissimis
1543 1805 1621 1852 ipse
1650 1803 1767 1839 dubiis
1794 1803 1967 1844 imbutus,
1997 1816 2040 1838 an
2070 1808 2192 1839 essent

558 1875 752 1903 erroneae,
785 1885 829 1890 -—
861 1862 921 1898 ubi
961 1862 1098 1898 scilicet
1137 1863 1299 1898 nondum
1335 1863 1418 1899 mihi
1446 1864 1550 1912 plene
1578 1862 1769 1899 videbatur
1793 1862 2039 1910 exploratum,
2069 1874 2190 1897 rerum

557 1928 592 1958 et
619 1921 893 1962 sententiarum,
924 1934 1016 1970 quos
1039 1922 1280 1970 comprobant
1308 1928 1342 1958 et
1367 1922 1630 1970 amplectuntur
1657 1920 1833 1961 hodierni,
1851 1920 2100 1955 mutandarum
2117 1919 2190 1955 evi-

558 1981 685 2017 dentes
721 1980 805 2015 satis
838 1985 872 2015 et
904 1980 1110 2016 manifestas
1149 1994 1295 2017 caussas
1329 1981 1470 2017 adesse.
1526 1982 1629 2025 Quae
1660 1980 1806 2029 quidem
1839 1979 1948 2014 dubia
1976 1991 2043 2014 suo
2073 1977 2190 2026 quod-

557 2054 627 2090 que
658 2041 740 2075 loco
773 2039 1003 2087 utplurimum
1031 2045 1149 2075 tamen
1174 2040 1326 2081 inserui,
1352 2053 1417 2088 spe
1444 2045 1667 2080 commotus,
1700 2039 1779 2074 fore
1812 2043 1847 2074 ut
1878 2038 1934 2073 alii
1954 2050 2001 2073 ex
2019 2035 2191 2072 eoliche-

557 2100 681 2146 nologi
713 2097 758 2133 ad
799 2098 1050 2146 inquirendam
1088 2099 1235 2134 ulterius
1272 2111 1348 2134 rem
1382 2099 1624 2147 impellantur;
1655 2098 1684 2134 si
1713 2100 1809 2145 justa
1839 2096 1971 2132 deinde
1996 2100 2031 2132 et
2059 2095 2191 2133 coufir-

559 2164 649 2195 mata
681 2157 928 2197 invenientur,
967 2157 1067 2206 quod
1103 2157 1260 2193 veritatis
1294 2157 1522 2206 indagandae
1555 2157 1655 2206 potui
1692 2169 1773 2191 esse
1810 2155 2004 2204 particeps.
2034 2154 2189 2202 Juvabitz

557 2229 646 2252 vana
683 2220 802 2250 autem
843 2221 878 2251 et
923 2216 1018 2251 irrita
1064 2215 1093 2251 si
1138 2229 1231 2264 quae
1279 2217 1558 2265 comperientur,
1609 2215 1820 2256 oblivionis,
1869 2227 2008 2263 precor,
2049 2212 2190 2249 silentio

556 2275 756 2311 tradantur!
774 2296 821 2301 —

707 2331 878 2379 Magnum
907 2331 1003 2367 haud
1033 2332 1142 2368 dubie
1170 2333 1204 2368 in
1233 2347 1346 2382 opere
1377 2333 1643 2381 lichenologico
1673 2329 2186 2368 elaborandoincommodum

557 2390 722 2431 offendit,
765 2389 863 2438 quod
905 2389 1181 2426 deliberandum
1225 2392 1475 2439 conscripturo
1517 2397 1625 2439 atque
1659 2389 1886 2425 statuendum
1919 2394 1990 2429 est,
2018 2387 2118 2435 quod
2147 2387 2191 2423 sit

555 2453 717 2497 systema
744 2447 1032 2496 praeferendum.
1086 2449 1175 2484 Nam
1209 2450 1266 2485 alii
1296 2450 1399 2485 aliam
1429 2449 1535 2495 hujus
1564 2448 1748 2497 periclitati
1770 2452 1852 2483 sunt
1869 2446 2187 2491 constructionem,

557 2513 591 2542 et
615 2519 744 2542 onmes
770 2505 864 2542 haud
895 2506 1005 2542 dubie
1031 2507 1107 2542 veri
1136 2507 1268 2556 aliquid
1298 2507 1458 2556 rectique
1486 2507 1692 2548 attulerunt,
1721 2518 1789 2541 nec
1817 2510 1936 2541 tamen
1955 2528 1998 2532 -ο
2017 2504 2188 2553 quoniam

557 2565 610 2601 his
639 2566 673 2600 iu
709 2565 811 2600 terris
845 2564 928 2600 nihil
963 2565 1142 2601 vitiositati
1173 2565 1351 2601 humanae
1381 2579 1454 2601 non
1483 2566 1526 2601 sit
1555 2565 1758 2600 obnoxium
1793 2587 1827 2592 -
1865 2563 1988 2599 evitari
2019 2575 2187 2612 umquam

557 2624 686 2673 potuit,
715 2622 910 2672 quominus
938 2636 987 2660 ex
1016 2623 1134 2672 aliqua
1160 2630 1260 2673 parte
1290 2637 1349 2660 res
1376 2624 1605 2660 claudicaret.
1659 2623 1804 2659 Eminet
1834 2622 1979 2671 quidem
2008 2621 2100 2657 inter
2128 2634 2190 2657 re-
