2379 3188
621 244 704 285 186

563 350 727 386 vo-luteo
766 349 786 385 l.
815 347 989 389 vitellino,
1023 349 1138 383 aetate
1177 344 1308 394 pallide
1335 343 1576 386 ochroleuco,
1605 341 1733 379 subtus
1761 340 1901 383 albido,
1928 339 2065 376 laciniis
2092 352 2185 375 eon-

564 409 669 445 vexis
697 408 717 444 l.
746 407 881 444 ambitu
910 405 1126 455 explanatis3
1153 403 1352 454 apotheciis
1382 403 1582 452 depressis,
1608 401 1771 450 primitus
1799 398 2188 442 concavis,helvolisl.

564 468 842 510 subincarnatis,
868 466 1030 516 margine
1058 464 1197 501 tumido
1227 463 1374 498 demum
1401 461 1565 498 excluso.

698 540 814 588 Supra
843 550 989 574 muscos
1016 536 1221 572 destructos
1252 540 1287 571 et
1313 535 1360 571 ad
1386 541 1517 571 terram
1546 532 1679 569 nudam
1710 531 1955 568 Gronlandiae
1978 530 2187 567 occidenta-

564 600 607 636 lis
634 611 693 636 ex.
722 611 774 647 gr.
800 598 845 634 ad
872 597 983 633 latera
1009 595 1179 632 inferiora
1208 594 1340 643 alpium
1369 594 1466 630 distr.
1489 590 1776 632 Christianhaab,
1797 603 1912 639 prope
1930 590 1994 626 sin.
2034 590 2188 626 Ikkatok

565 660 660 695 distr.
696 657 959 706 Holsteinborg
990 661 1025 693 et
1060 655 1107 692 ad
1146 653 1317 691 Pakitsok
1359 652 1456 688 distr.
1498 649 1746 691 Jacobshavn,
1773 654 1880 698 atque
1907 649 1942 685 in
1978 649 2044 685 ins.
2078 648 2190 697 Spits-

565 719 666 768 berg.
696 717 741 752 ad
765 716 842 753 Bell
872 715 975 751 Sund
1004 716 1052 762 (J.
1089 712 1229 757 Vahl).

714 790 803 826 Inter
849 790 899 824 Pl.
917 788 1070 835 fulgens
1103 792 1136 821 et
1162 789 1388 820 stramineum
1419 783 1512 831 quasi
1548 781 1655 817 media
1684 783 1834 830 species,
1862 782 1938 817 huic
1967 789 2073 818 tamen
2100 782 2188 817 haud

566 852 666 887 dubie
709 851 859 898 proxima
889 855 921 883 et
951 860 1013 895 pro
1055 847 1127 892 ejus
1158 844 1262 879 forma
1288 844 1454 890 terrigena
1482 841 1576 876 facile
1602 841 1772 879 habenda,
1804 841 1882 883 sed,
1914 844 1943 876 ni
1973 842 2083 884 fallor,
2111 855 2190 877 vere

565 912 726 946 distincta.
780 907 926 941 Ros-uias
969 905 1087 939 format
1112 905 1267 944 minutas,
1295 903 1372 937 circ.
1399 903 1415 949 ὲ
1445 914 1519 935 unc.
1550 900 1647 936 diam.
1674 901 1773 942 latas,
1801 907 1891 936 arete
1919 901 2098 949 adpressas
2125 902 2189 947 (in-

568 970 696 1005 terdum
737 968 848 1016 plures
891 965 1086 1009 confluunt),
1127 963 1241 998 colore
1284 974 1382 1009 quam
1417 960 1477 996 Pl.
1519 965 1699 995 straminei
1738 959 1892 995 laetiores
1920 967 1952 995 et
1980 960 2192 1008 pallidiores,

566 1035 679 1065 centro
724 1026 946 1073 irregulariter
974 1036 1173 1058 verrucosas
1201 1021 1469 1068 nodulosasque‚
1501 1020 1624 1054 ambitu
1659 1021 1689 1054 in
1719 1019 1818 1054 lobos
1846 1020 1969 1055 breves
1996 1018 2193 1054 rotundato—

566 1097 720 1124 crenatos
747 1087 765 1121 l.
788 1086 949 1124 -incisos‚
993 1083 1145 1117 dilatatos
1173 1082 1351 1121 abeuntes,
1380 1093 1480 1127 quum
1506 1078 1595 1126 apud
1621 1078 1679 1113 Pl.
1707 1084 1934 1113 stramineum
1966 1078 2085 1113 thallus
2110 1091 2191 1113 con-

565 1149 706 1184 stituitur
733 1159 752 1180 e
777 1145 899 1179 laciniis
929 1142 1172 1182 subteretibus,
1200 1154 1218 1175 e
1247 1146 1362 1175 centro
1389 1140 1545 1186 contigue
1575 1137 1777 1172 radiantibus
1806 1140 1825 1172 i.
1860 1151 1887 1172 e.
1920 1140 1998 1185 juga
2027 1150 2194 1179 convexa,

566 1206 810 1253 subsimplivia,
835 1217 876 1238 ex
903 1215 967 1236 uno
1003 1208 1118 1236 centro
1145 1200 1351 1235 excurrentia
1381 1198 1613 1233 formantibus.
1666 1197 1857 1245 Apothecia
1891 1210 1988 1245 quam
2015 1197 2074 1232 Pl.
2101 1205 2196 1232 stra-

564 1271 665 1302 minei
690 1264 877 1313 pallidiora,
904 1261 1037 1296 demum
1066 1273 1217 1295 convexa
1244 1265 1277 1294 et
1305 1259 1485 1306 marginem
1512 1256 1731 1292 excludentia.
1785 1256 1868 1291 Asci
1894 1262 2033 1303 anguste
2060 1256 2193 1298 clavati,

567 1325 813 1376 paraphysibus
837 1328 927 1356 arcte
959 1320 1209 1368 conglutinatis,
1236 1319 1313 1353 totis
1342 1324 1374 1353 et
1406 1318 1589 1365 praecipue
1624 1316 1720 1363 apice
1749 1316 1989 1351 lutesceutibus
2018 1315 2197 1363 obvallati}

567 1397 690 1434 sporae
727 1380 1061 1430 luteolo-liyalineae,
1095 1377 1312 1427 ellipsoideae
1341 1377 1360 1411 l.
1389 1376 1640 1423 suboblongae‚
1679 1376 1853 1416 0‚010-—14
1896 1388 1971 1409 mm.
1999 1374 2118 1422 longae
2160 1381 2193 1410 et

566 1447 720 1487 (hom—0
747 1455 821 1476 mm.
841 1441 925 1475 latae
945 1440 992 1488 1).

720 1528 776 1561 11.
829 1525 887 1560 Pl.
929 1522 1098 1559 albescens
1135 1520 1353 1568 (Hoffm.):
1391 1524 1510 1555 crusta
1538 1517 2045 1566 tartareo-subpulverulenta,
2072 1530 2196 1554 verru-

570 1584 866 1625 coso-rimulosa‚
896 1582 1030 1619 ambitu
1058 1580 1265 1622 sublobatm
1283 1577 1481 1628 apotheciis
1499 1577 1652 1620 adflatis,
1670 1577 1956 1619 livido-carneis,
1979 1576 2196 1626 subpruino-

567 1646 630 1687 sis,
658 1643 771 1694 planis
797 1642 817 1678 l.
847 1642 992 1677 demum
1021 1639 1331 1679 convexiusculis,
1357 1637 1518 1687 margine
1544 1637 1658 1679 tenui,
1686 1636 1908 1686 subintegrO.

722 1717 818 1767 Syn.
872 1716 1053 1750 Lecmmra
1091 1714 1274 1761 galactina
1313 1711 1413 1748 Ach.
1450 1710 1547 1746 Univ.
1574 1724 1606 1759 p.
1637 1711 1727 1751 424,
1755 1709 1840 1760 Syn.
1871 1724 1903 1758 p.
1933 1709 2014 1750 187,
2041 1708 2197 1744 Koerb.

620 1779 709 1829 Syst.
742 1791 774 1826 p.
809 1775 889 1810 145.

722 1845 905 1880 Lecanora
935 1841 1240 1887 Sommerfelte'ana
1268 1839 1384 1875 Flke.
1412 1841 1442 1874 in
1471 1837 1613 1873 Smrst.
1647 1837 1767 1886 Suppl.
1802 1850 1835 1885 p.
1864 1836 1922 1872 84.

721 1911 904 1948 Parmelc'a
932 1909 1088 1944 saxicola
1114 1908 1144 1942 d.
1171 1910 1355 1954 galactina
1380 1906 1445 1942 Fr.
1475 1905 1514 1941 L.
1543 1905 1584 1941 E.
1615 1919 1646 1953 p.
1677 1906 1759 1940 111.

717 1981 902 2015 Lecanora
927 1977 1078 2012 muralis
1107 1979 1133 2010 δ.
1160 1975 1328 2010 albescens
1356 1976 1388 2011 b.
1420 1974 1589 2010 Schaer.
1616 1973 1739 2008 Enum.
1765 1986 1798 2021 p.
1830 1972 1887 2007 67.

725 2049 927 2084 Placodium
953 2044 1123 2080 albescens
1147 2042 1273 2078 Mass.
1308 2043 1435 2092 Symm.
1466 2056 1498 2091 p.
1529 2041 1584 2077 15.

722 2117 818 2152 Exs.
847 2114 990 2150 Smrst.
1025 2127 1056 2148 u.
1086 2111 1167 2147 147.

705 2202 744 2237 In
779 2199 930 2248 rupibus
975 2195 1147 2233 calcareis
1182 2192 1426 2241 micaceisque
1454 2191 1550 2227 circa
1578 2191 1696 2227 sinum
1725 2190 1925 2225 Saltensem
1954 2187 2198 2224 Nordlandiae

572 2261 705 2311 passim
744 2259 894 2307 copiose
920 2255 1103 2306 (Smrft.)
1131 2258 1238 2303 atque
1268 2252 1302 2287 iu
1346 2251 1448 2289 insul.
1488 2249 1824 2300 Spitsbergensibus
1865 2247 2047 2294 (Kena,
2089 2246 2197 2282 Nor-

571 2320 768 2367 denskj.).

723 2376 844 2412 Crusta
871 2375 1050 2410 admodum
1080 2375 1225 2414 varians,
1251 2384 1337 2407 nunc
1368 2384 1480 2405 crassa
1507 2376 1539 2405 et
1567 2369 1690 2404 ambitu
1719 2367 1912 2414 efssgurata,
1942 2378 2028 2400 nunc
2043 2366 2195 2407 macrior,

698 2484 723 2514 1)
746 2478 900 2516 Descriptio
933 2478 1003 2506 facta
1036 2477 1114 2505 adest
1146 2475 1219 2505 haud
1251 2484 1362 2513 parvam
1395 2473 1502 2510 copiam
1536 2472 1716 2509 speeiminum
1748 2470 1775 2498 in
1800 2468 1874 2496 herb.
1899 2468 1972 2496 Mus.
1997 2467 2090 2495 Haun.
2113 2476 2199 2495 asser-

572 2536 682 2565 vatam,
713 2540 784 2568 quae
811 2528 904 2557 omnia
934 2527 1026 2556 colore
1048 2527 1149 2564 pallide
1171 2525 1333 2555 ochroleuco
1355 2522 1473 2559 insignia
1497 2522 1621 2555 fuerunt,
1644 2530 1729 2558 quum
1753 2521 1790 2547 ΡΙ.
1813 2522 1980 2545 stramineum
2004 2517 2100 2544 eodem
2125 2520 2197 2544 tem-

572 2591 638 2620 pore
661 2581 695 2608 ab
717 2580 743 2608 J.
774 2578 861 2606 Vahl
890 2578 991 2606 lectum
1015 2577 1135 2604 colorem
1155 2574 1213 2612 jam
1236 2572 1357 2602 obtinuit
1381 2571 1666 2600 fuseescenti-luteum
1697 2570 1713 2598 1.
1737 2566 2021 2597 castaneolo-flavum.
2065 2565 2197 2604 Specimi-

573 2640 639 2659 num
663 2628 930 2668 Spitsbergensium,
952 2626 1038 2656 serius
1061 2634 1143 2664 quam
1168 2622 1354 2652 G1·6nlandica
1378 2621 1572 2655 collectorum,
1596 2620 1670 2649 color
1693 2619 1781 2656 magis
1803 2617 1958 2647 fulvescens
1981 2621 2033 2644 est.
