2379 3188
612 266 696 308 194

700 373 884 409 Lecanora
899 376 1005 421 flava
1029 380 1058 420 β.
1091 374 1324 423 chloroplzana
1350 374 1401 410 Sc
1411 375 1430 410 h
1443 389 1460 410 a
1471 388 1521 410 er.
1549 374 1670 411 Enum.
1705 388 1737 422 p.
1765 375 1823 410 65.

701 445 937 493 Pleopsiclz'um
954 447 1098 492 flavum
1124 447 1157 481 b.
1184 445 1218 481 K
1229 459 1248 480 o
1259 460 1303 481 er
1313 447 1344 481 b.
1369 445 1461 496 Syst.
1490 461 1520 496 p.
1552 447 1633 482 114.

702 515 794 551 Exs.
847 516 1020 552 Schaer.
1052 531 1083 552 n.
1110 516 1194 552 336.

699 599 740 634 In
770 599 912 648 rupium
942 600 1213 636 durissimarum
1242 600 1415 636 lateribus
1445 601 1593 637 occultis
1622 614 1686 649 per
1701 601 1983 637 Groenlandiam
2001 601 2172 637 occiden-

550 654 655 691 talem
685 659 817 706 (usque
845 658 890 693 ad
922 658 1099 700 Umanak,
1129 659 1212 694 altit.
1242 660 1315 693 <200
1344 659 1477 706 pedum
1508 672 1616 707 supra
1632 672 1730 695 mare
1746 660 1955 708 attingens),
1976 660 2039 696 ins.
2057 660 2169 708 Spits-

550 713 750 764 bergenses
784 716 1085 764 (Nor(le11skj.‚
1113 718 1142 752 J.
1174 716 1322 764 vahl),
1360 717 1617 759 Finmarkiam,
1648 717 1905 754 Nordlandiam
1933 718 2173 767 Lapponiam-

552 785 622 821 que
663 776 795 823 (usque
826 775 871 810 ad
899 775 1014 811 lacum
1050 776 1262 822 Tja'kelvass
1292 775 1403 824 Lapp⁴
1430 775 1559 812 Pitens.
1587 776 1813 824 procedens:
1842 777 2014 826 Wnbg.)
2042 777 2175 825 passim

556 833 715 881 copiosa.

698 901 838 935 Rectius
882 901 957 935 mihi
998 904 1104 936 visum
1133 908 1199 941 est,
1223 903 1380 937 incertam
1409 902 1493 938 hanc
1518 903 1661 951 plantam
1692 903 1788 950 hujus
1817 906 1950 951 generis
1977 906 2083 940 civem
2100 918 2177 939 cen-

552 972 643 999 sere,
684 973 779 1007 quam
817 961 976 994 incertum
1005 974 1111 1008 genus
1137 974 1343 1008 agnoscere,
1371 963 1457 997 notis
1487 976 1585 1010 quam
1616 964 1755 997 maxime
1785 962 1893 998 dubiis
1921 964 2040 998 nixum.
2089 962 2179 1011 Spo-

552 1032 658 1052 rarum
684 1020 769 1052 enim
797 1032 908 1053 veram
939 1026 1085 1054 naturam
1114 1020 1260 1054 nondum
1304 1021 1423 1055 licitum
1465 1022 1522 1056 suit
1560 1023 1618 1056 rite
1656 1035 1866 1069 cognoscere
1903 1023 1979 1058 :alii
2021 1028 2175 1057 auctores

552 1090 588 1111 se
632 1077 704 1110 nihi!
748 1079 826 1111 certi
866 1081 1034 1125 cognitum
1074 1079 1198 1114 habere
1244 1080 1381 1114 fatentur
1424 1082 1469 1126 (v.
1499 1095 1525 1115 c.
1554 1080 1794 1130 Krempelb.
1835 1084 1864 1116 in
1907 1081 2010 1116 Flora
2037 1080 2131 1115 1856
2148 1096 2179 1130 p.

551 1136 640 1177 301,
675 1134 816 1171 Norm.
849 1136 934 1172 Con.
972 1151 1095 1186 praem.
1124 1153 1154 1187 p.
1188 1140 1265 1186 17),
1293 1140 1342 1173 alii
1370 1153 1487 1188 sporas
1516 1153 1591 1175 esse
1616 1142 1790 1175 atomarias
1819 1142 1848 1175 in
1874 1142 1960 1175 asc-is
1988 1142 2178 1190 myriospo-

552 1195 595 1228 ris
624 1194 785 1229 affirmant
813 1198 864 1241 (ut
890 1195 1062 1231 Massal.
1092 1196 1189 1232 Rich.
1219 1212 1249 1246 p.
1277 1198 1343 1238 C27,
1372 1197 1467 1247 Nyl.
1496 1198 1616 1233 Prodr.
1649 1214 1678 1248 [ι.
1706 1200 1786 1244 80),
1814 1200 1864 1234 alii
1893 1200 2031 1248 ”speras
2077 1201 2107 1234 in
2146 1213 2181 1234 a-

551 1254 616 1288 scis
643 1256 856 1303 monosporis
890 1256 1172 1304 subellipsoideas
1201 1257 1407 1305 polyblastas
1434 1257 1717 1293 subincoloratas''
1735 1259 1906 1305 (Koerb.
1928 1258 2018 1308 Syst.
2039 1274 2069 1308 p.
2093 1258 2180 1305 113)

552 1313 605 1347 vel
632 1311 797 1361 ''sporidia
832 1314 1159 1363 ovoideo-elliptica,
1200 1317 1401 1362 majuscula,
1428 1317 1647 1358 tetrablastia,
1677 1318 1923 1368 ‹liplopyrenia,
1948 1317 2178 1353 subcolorata''

552 1374 583 1406 in
609 1374 695 1407 ascis
724 1374 937 1421 monosporis
972 1374 1166 1409 describunt
1194 1374 1339 1420 (Mass.
1368 1375 1456 1410 Gen.
1487 1390 1517 1424 p.
1550 1376 1599 1425 7).
1654 1376 1731 1426 lpse
1758 1378 1890 1425 quidem
1918 1377 1992 1412 nihil
2026 1377 2090 1411 vidi
2130 1379 2181 1423 (a-

553 1445 631 1466 scos
660 1431 760 1466 modo
790 1431 1085 1475 inflato-clavatos‚
1115 1434 1320 1483 paraphyses
1348 1442 1438 1470 arcte
1465 1435 1700 1478 cohaerentes,
1729 1443 1862 1479 tenues,
1888 1438 1981 1486 apice
1998 1436 2181 1471 flavescen—

554 1497 604 1525 tes
631 1492 772 1537 inveni),
808 1504 873 1538 quo
903 1492 1004 1527 fretus
1033 1493 1189 1539 judicium
1218 1500 1344 1528 certum
1374 1494 1483 1529 facere
1511 1496 1655 1543 possim,
1680 1495 1739 1530 sed
1767 1496 1845 1530 nolo
1865 1509 1988 1543 negare
2005 1496 2180 1531 verisimile

553 1549 628 1583 mihi
668 1549 786 1589 videri,
828 1564 884 1591 ea,
932 1564 1017 1599 quae
1054 1552 1207 1588 Koerb.
1241 1553 1259 1587 l.
1287 1566 1314 1588 c,
1343 1553 1502 1588 describit
1536 1561 1568 1589 et
1596 1555 1660 1589 tab.
1686 1554 1736 1589 IV
1764 1555 1782 1589 f.
1811 1556 1832 1589 4
1859 1554 2016 1596 delineat,
2050 1556 2181 1589 minime

554 1622 673 1657 spol-as
707 1622 782 1643 esse
821 1610 988 1652 evolutas,
1021 1611 1082 1646 sed
1116 1612 1344 1646 tantummodo
1377 1619 1568 1648 contentum
1598 1627 1750 1648 ascorum
1783 1615 2001 1649 immaturum.
2055 1613 2182 1663 Sporas

554 1681 630 1702 esse
659 1669 849 1708 atomarias,
878 1672 1169 1706 numerosissimas
1198 1671 1292 1706 facile
1320 1684 1456 1719 quoque
1485 1672 1674 1715 crederem,
1703 1680 1735 1708 et
1760 1679 1826 1707 tum
1854 1673 1967 1707 locum
1994 1674 2182 1708 interAca-

556 1740 718 1774 rosporas
750 1728 835 1761 bene
862 1727 1008 1763 defendit
1037 1744 1196 1778 praesens
1217 1732 1366 1779 species3
1396 1732 1569 1766 crescendi
1597 1734 1682 1767 enim
1707 1732 1809 1767 modo
1838 1746 1912 1767 cum
1928 1732 1972 1768 A.
1987 1731 2181 1779 molybdina

555 1787 633 1820 satis
662 1787 817 1820 convenit
842 1793 873 1820 et
901 1788 1015 1823 colore
1043 1789 1147 1831 thalli,
1176 1802 1242 1836 quo
1269 1803 1284 1823 a
1317 1791 1496 1838 speciebus
1512 1789 1756 1827 Scandinaviae
1777 1792 1900 1833 differt,
1922 1792 1963 1827 ab
1985 1793 2028 1827 A.
2051 1791 2181 1826 Schlei-

553 1845 646 1879 elteri
687 1859 751 1879 non
789 1845 955 1879 abhorret.
1011 1846 1046 1880 Si
1085 1854 1193 1882 autem
1235 1862 1356 1896 sporae
1394 1857 1471 1884 sunt
1507 1851 1732 1899 poljblastaffi
1761 1858 1859 1900 typus
1888 1852 2010 1900 proprii
2049 1852 2182 1898 generis

556 1911 606 1939 est
634 1904 802 1945 habenda,
833 1904 1063 1952 Pleopse'dimn
1098 1905 1252 1941 Κορῆ).
1283 1908 1483 1943 nominandi.

708 1970 903 2020 Symnyma
947 1974 1054 2007 omnia
1087 1974 1179 2008 allata
1208 1981 1358 2022 spectant
1383 1983 1506 2011 tantum
1536 1978 1676 2026 plantam
1708 1979 1861 2012 arcticam
1887 1977 2069 2027 apotheciis
2101 1991 2180 2012 con—

558 2032 650 2065 vexis
701 2032 935 2079 immarginatis
986 2033 1289 2068 subconcoloribus
1345 2035 1525 2083 praeditam
1580 2050 1689 2084 neque
1743 2037 1957 2071 Leonum-am
1995 2045 2179 2083 arytovam

558 2090 676 2125 Aen:
706 2104 768 2137 qua
796 2104 830 2125 re
858 2098 966 2126 tamen
995 2093 1126 2126 minime
1155 2091 1277 2126 dictum
1305 2094 1410 2135 volui,
1435 2095 1494 2129 has
1521 2109 1596 2131 esse
1624 2096 1792 2131 distinctas
1822 2099 1872 2141 (ut
1893 2096 1960 2129 vult
1984 2094 2180 2131 CehMas-

557 2149 768 2196 solonge),
794 2150 853 2184 setl
881 2164 898 2185 e
942 2152 1106 2185 contrario
1156 2151 1249 2185 nimis
1291 2151 1404 2188 affines
1440 2154 1515 2188 mihi
1554 2155 1723 2196 videntur,
1762 2169 1858 2203 quam
1904 2168 1988 2203 quae
2025 2157 2182 2203 propriae

561 2208 743 2243 habeantur
771 2211 913 2257 species.

1001 2354 1071 2394 20.
1129 2355 1369 2395 Dimelaena
1398 2357 1552 2398 Norm.
1584 2358 1732 2398 emend.

713 2443 858 2479 Thallus
891 2449 1113 2485 crustaceus,
1143 2444 1276 2480 ambitu
1303 2444 1700 2497 foliaceo-effiguratus:
1729 2446 1920 2495 apothecia
1950 2447 2178 2491 lecanorina,

561 2502 720 2551 primitus
750 2503 885 2544 clausa,
916 2503 1086 2551 excipulo
1115 2503 1270 2539 thallode
1298 2504 1509 2554 marginata;
1536 2519 1668 2555 sporae
1690 2511 1858 2548 octonae,
1875 2506 2171 2555 dyblastac‚bis-

565 2562 843 2603 coctaeformes,
872 2562 1004 2598 fuscae.

713 2621 848 2662 Genus,
889 2624 939 2658 cui
981 2629 1074 2657 antea
1104 2623 1148 2657 D.
1174 2629 1289 2658 oreimz
1317 2624 1543 2660 tantummodo
1571 2624 1736 2672 adscripta
1770 2625 1841 2666 fuit,
1870 2626 1954 2660 inter
1980 2625 2168 2674 Physciam
