2379 3188
1691 257 1774 297 3433

358 361 446 397 Inter
473 360 638 396 Lichenes
669 360 932 411 Pyrenocarpos
971 364 1111 398 maxime
1141 364 1289 410 insignes
1315 363 1368 398 hic
1399 370 1489 399 certe
1512 364 1737 398 numerandus
1762 370 1828 403 est,

206 424 281 459 nulli
310 422 420 457 similis
451 426 482 454 et
510 420 563 454 vix
591 420 724 467 quidem
757 421 870 456 al'linis.
928 422 986 456 Ol)
1015 423 1213 456 internarum
1243 422 1411 469 apolliecii
1431 424 1570 470 partium
1586 422 1829 457 similitudinem

206 496 279 518 eum
317 481 355 515 ad
400 479 611 524 Segasa-iam
642 479 751 519 retuli,
782 483 933 528 quamvis
961 487 1048 515 totus
1077 481 1223 523 habitus,
1253 481 1370 516 tliallus
1399 496 1427 517 e.
1456 496 1481 516 s.
1508 496 1538 529 p.
1568 483 1701 516 omnino
1729 483 1767 516 sit
1796 495 1830 515 a·

206 543 274 577 lins.
304 561 348 566 —-
377 537 407 572 E
437 537 563 585 lapide,
606 551 704 585 quem
739 538 916 580 inhabitat,
945 540 1038 574 facile
1067 546 1180 586 potest
1207 542 1353 581 secerni;
1382 555 1399 575 e
1422 542 1555 575 ramulis
1585 542 1672 575 varie
1698 541 1830 575 intrica-

204 601 258 640 tis,
286 598 471 646 adpressis,
502 597 674 637 torulosis,
701 611 787 632 nunc
812 599 898 638 latis,
927 612 1013 632 nnnc
1043 600 1190 645 angustis
1220 600 1378 634 l'nrmatus
1403 607 1452 635 est
1478 600 1596 634 thallus
1614 601 1731 634 subtus
1747 613 1830 634 non-

202 659 276 694 nihil
321 655 488 704 pallidior,
516 670 533 691 e
564 658 712 691 verrucis
739 657 993 704 apotlieciorum
1022 659 1318 704 protuberantibus
1347 665 1379 693 et
1408 659 1553 706 undique
1581 661 1752 705 congestis
1784 659 1829 692 sa-

200 719 284 752 ciem
328 715 490 750 nodosam
531 728 816 763 veri·uc0sain(pie
857 717 1022 751 obtinens.
1080 717 1271 764 Apolliecia
1309 732 1448 765 prorsus
1488 719 1639 753 demersa
1672 725 1704 752 et
1732 720 1828 765 apice

199 774 425 811 tantummodo
465 773 647 814 denudata,
678 775 766 809 uude
809 777 904 809 etiam
945 776 1202 823 ampliitliecium
1233 778 1408 818 minutum,
1445 778 1679 817 ostiolil'ornie,
1719 777 1828 812 l'usce-

198 835 503 880 scenti—nigricans3
533 833 751 881 peritliecium
777 835 1042 881 subglnlinsum,
1071 835 1157 869 collo
1186 836 1278 870 brevi
1309 837 1502 883 augustiore
1532 838 1741 876 instructum,
1770 849 1828 870 ex-

198 902 249 930 tus
292 894 678 940 susccsceuti-iiigricans
720 893 737 927 Ι.
764 894 969 940 subnigram.
1024 895 1108 929 Asci
1150 895 1312 942 elongati,
1343 895 1531 944 cylindrich
1559 897 1627 931 basi
1656 896 1828 934 attenuati,

198 953 439 1001 angustissimi,
467 952 715 1000 parapliysibus
741 953 953 999 capillaribns
979 954 1206 1000 intricatisque
1234 954 1406 994 obi-allam
1432 969 1554 1002 spui-ae
1584 961 1724 1002 anguste
1750 955 1827 988 l'usi-

198 1015 338 1054 l‘onnes,
366 1013 594 1053 tetrablastae,
623 1011 937 1060 lnteolwhyalinae,
963 1014 1137 1053 O‚a·2-.1—⁴.³0
1165 1026 1239 1048 mm.
1270 1014 1389 1061 longae
1419 1020 1451 1048 et
1480 1016 1569 1055 (Latii
1600 1028 1675 1048 inni.
1706 1013 1802 1048 latae.

345 1080 553 1126 Segeslrella
583 1078 688 1113 rubra
713 1078 775 1114 Fr.
807 1079 843 1114 L.
872 1079 911 1114 E.
942 1094 972 1128 p.
1005 1080 1087 1121 430,
1117 1079 1293 1116 Schaer.
1327 1081 1447 1116 Enum.
1480 1095 1511 1129 p.
1542 1081 1614 1115 ‘208
1643 1097 1668 1117 s.
1700 1082 1826 1115 Terru—

194 1145 293 1175 caria
322 1138 429 1173 rubra
459 1138 600 1173 Smrst.
633 1137 752 1185 Suppl.
784 1152 814 1185 p.
849 1139 919 1173 140
948 1153 966 1173 e
993 1137 1179 1173 Licliennm
1208 1154 1347 1175 numero
1374 1148 1425 1175 est
1449 1140 1655 1175 excludenda
1680 1144 1713 1175 et
1732 1140 1827 1187 Algi-s

193 1199 430 1239 adscribenda.
447 1204 497 1232 est
525 1199 610 1232 enim
641 1196 934 1233 Hildeubrandtia
952 1212 1047 1232 rosea
1077 1198 1208 1240 Kritz„
1234 1199 1410 1234 Aresch.
1440 1199 1548 1249 Phyc.
1576 1199 1701 1235 Scand.
1719 1214 1751 1247 p.
1769 1199 1826 1233 95·

723 1311 788 1350 78.
835 1310 1098 1351 Stamvtlmle
1141 1312 1296 1352 Norm.

341 1385 488 1422 Thallus
532 1390 758 1427 crustaceus,
804 1385 1011 1428 uniformis;
1051 1387 1242 1436 apothecia
1282 1388 1453 1424 immersa
1486 1388 1506 1424 l.
1534 1386 1825 1437 protuberantia.

190 1445 432 1496 amphithecio
471 1444 549 1493 plus
580 1446 697 1480 minus
724 1445 910 1488 distincto,
939 1446 1138 1494 perithecio
1171 1448 1316 1482 tandem
1359 1452 1467 1484 extus
1504 1446 1825 1483 subcarbmmcem

192 1505 438 1556 subgloboso·,
466 1503 690 1552 paraphyses
719 1504 753 1539 iu
781 1504 973 1552 gelatiuam
1003 1505 1224 1547 diffluentes,
1241 1519 1374 1555 sporae
1394 1519 1532 1555 paucae
1550 1507 1674 1555 <vulgo
1693 1505 1825 1552 binae),

190 1563 653 1612 muriforini-polyblastae,
682 1562 876 1599 coloratae.

341 1635 421 1670 Hoc
449 1648 573 1682 genere
602 1635 944 1682 comprehendendae
970 1635 1047 1670 mihi
1076 1637 1231 1671 videntur
1259 1643 1323 1671 tam
1362 1650 1479 1671 omnes
1508 1637 1825 1682 Stigmatommatis

190 1695 348 1730 Koerb.
394 1695 528 1742 species
559 1707 657 1741 quan]
687 1706 748 1729 eae
781 1696 915 1741 generis
943 1695 1256 1744 Spleaeromplmles
1286 1696 1412 1742 ejusd„
1439 1709 1524 1744 quae
1547 1695 1658 1743 sporis
1687 1695 1826 1742 singulis

189 1755 207 1790 l.
226 1755 308 1790 binis
334 1760 411 1789 sunt
434 1752 615 1800 praeditae.
669 1752 757 1787 lnter
786 1753 844 1788 has
876 1756 961 1788 enin]
991 1754 1075 1788 nulla
1104 1755 1163 1789 alia
1193 1755 1287 1789 adest
1304 1754 1506 1795 differentia,
1532 1767 1630 1802 quam
1647 1754 1824 1802 apothecia

190 1815 343 1849 immersa
374 1813 392 1847 l.
419 1813 686 1862 protuberantia,
716 1825 856 1859 quorum
900 1826 934 1846 re
963 1826 1041 1847 vera
1078 1815 1230 1848 subtilior
1259 1821 1309 1849 est
1337 1814 1512 1849 diversitas
1539 1827 1637 1862 quam
1667 1827 1684 1848 e
1712 1814 1824 1848 verbis

189 1874 347 1909 librorum
374 1878 529 1921 apparet,
558 1877 592 1905 nt
620 1871 764 1905 studium
792 1873 821 1905 in
850 1878 964 1906 natura
987 1873 1168 1907 institutum
1198 1873 1292 1908 facile
1322 1873 1432 1908 docet.
1457 1894 1504 1900 —
1527 1873 1584 1907 Ab
1612 1873 1823 1920 Emlocarpo

190 1931 291 1968 thallo
320 1938 495 1967 crustaceo
524 1930 754 1965 tantummodo
783 1930 899 1964 differt.

341 2007 355 2037 1
400 2004 450 2038 St.
479 2004 625 2051 clopima
660 2000 864 2049 &angp
907 2007 1026 2037 crusta
1069 2007 1238 2044 tartarea,
1282 2002 1694 2044 rimuloso-verrucosa,
1730 2002 1823 2038 vire-

190 2061 321 2097 scenti·
347 2061 365 2097 l.
394 2060 720 2110 nigricanti-fusca‚
761 2059 973 2108 hypothallo
1002 2061 1208 2103 concolori;
1249 2061 1448 2110 apotheciis
1484 2060 1822 2110 protuberantibus,

188 2119 430 2168 amphithecio
461 2120 688 2168 superiorem
716 2118 903 2167 perithecii
937 2119 1081 2168 globosi
1113 2129 1220 2155 extus
1251 2120 1406 2155 tenuiter
1433 2119 1639 2169 nigricantis
1662 2124 1697 2155 et
1723 2120 1819 2156 collo

189 2185 341 2229 angusto
365 2179 467 2227 apice
492 2179 653 2215 instructi
679 2183 817 2227 partem
846 2183 1007 2228 tegente,
1035 2179 1138 2227 apice
1167 2192 1259 2227 poro
1294 2183 1453 2227 pertuso.

339 2247 433 2297 Syn.
475 2248 687 2283 Verrucaria
713 2248 860 2296 clopz'ma
883 2247 1036 2294 Wnbg.
1066 2250 1096 2282 in
1125 2246 1226 2282 Ach.
1252 2246 1361 2282 Metti.
1391 2247 1511 2296 Suppl.
1542 2260 1573 2294 p.
1595 2247 1649 2288 19,
1667 2245 1768 2282 Univ.
1791 2261 1822 2295 p.

240 2306 322 2348 287,
366 2306 517 2354 Wnbg.
560 2306 668 2357 Lapp.
695 2322 728 2356 p.
759 2307 843 2341 464.
889 2328 934 2333 —
960 2307 1144 2355 Pyrenula
1173 2306 1273 2342 Aeli.
1302 2306 1386 2356 Syn.
1416 2320 1446 2355 p.
1479 2306 1558 2341 120.
1588 2328 1639 2332 —
1666 2306 1821 2352 Sagedia

240 2364 303 2400 Fr.
325 2364 366 2400 L.
387 2365 429 2400 E.
448 2380 479 2414 p.
498 2367 570 2400 415
599 2366 674 2411 (cl'r.
704 2367 812 2413 infra).

340 2433 521 2468 Lecanora
550 2439 687 2469 cervina
714 2451 737 2469 ε.
758 2431 996 2482 protuberans
1024 2432 1194 2469 Schaer.
1225 2432 1346 2467 Enum.
1375 2447 1406 2482 p.
1437 2433 1485 2468 56
1509 2436 1558 2481 (ρ,
1575 2435 1631 2481 p.).

344 2501 631 2549 Paraplzysorma
648 2500 885 2550 protuberans
914 2499 1041 2536 Mass.
1066 2500 1164 2536 Rich.
1190 2515 1222 2550 p.
1252 2501 1333 2536 117.

340 2568 608 2614 Stigmatomma
635 2570 847 2618 cataleptum
872 2568 1030 2604 Koerb.
1063 2567 1154 2617 Syst.
1183 2584 1212 2618 p.
1237 2568 1322 2604 338.

339 2634 435 2670 Exs.
463 2635 586 2684 Hepp
614 2651 641 2671 n.
671 2638 750 2671 101.
