2379 3188
597 299 624 338 8

543 411 577 440 et
601 404 667 440 duo
694 406 881 453 posteriora
907 403 948 438 ad
977 405 1158 451 marginem
1202 405 1423 452 posteriorem
1464 402 1633 450 angulata,
1671 408 1704 438 et
1737 408 1945 451 segmentum
1973 401 2155 437 secundum

543 464 623 499 infra
653 465 800 512 margine
826 464 933 498 antico
961 463 1126 510 angulato.
1157 461 1269 510 Supra
1299 468 1331 497 et
1345 463 1463 497 subtus
1489 475 1530 497 ne
1558 463 1724 496 minimum
1756 461 1888 509 quidem
1919 461 2072 496 indicium
2099 474 2155 495 an-

543 530 713 559 tennarum
738 523 914 569 nullosque
942 522 1059 556 oculos
1079 522 1197 555 inveni.
1250 519 1380 556 Subtus
1400 523 1484 556 inter
1499 527 1706 568 segmentum
1732 521 1872 568 primum
1909 526 1941 555 et
1971 519 2153 555 secundum

543 582 721 617 observavi
762 581 923 615 maculam
963 580 1217 615 transversalem
1262 579 1404 620 fuscam,
1447 592 1539 614 orem
1583 581 1652 614 sine
1686 579 1787 613 dubio
1817 579 2063 626 significantem.
2116 577 2152 613 In

544 641 644 676 latere
683 640 836 675 inferiore
878 645 1010 674 suturae
1050 640 1133 674 inter
1173 646 1343 686 segmenta
1389 645 1464 674 sunt
1492 652 1608 686 parum
1643 638 1825 673 distinctae.
1882 637 2153 685 Cephalothorax

545 701 636 735 basin
661 712 778 734 versus
819 698 921 732 multo
959 699 1138 746 angustior,
1166 704 1199 733 et
1227 699 1321 746 quasi
1346 698 1465 733 collum
1492 698 1675 745 praebens,
1703 703 1735 732 et
1765 697 1817 731 hic
1844 698 1961 732 subtus
1988 698 2153 744 margines

542 759 687 807 porrecti
715 757 916 792 valvularum
943 757 995 792 vel
1033 758 1172 805 partium
1205 757 1384 792 lateralium
1417 757 1559 791 matricis
1599 756 1810 803 divergentes
1838 761 1912 789 sunt
1939 762 1971 790 et
2002 757 2152 803 utrinque

544 830 739 866 processum
765 829 902 864 parvum
930 816 1109 851 formantes
1136 816 1207 863 (fig.
1233 816 1254 850 4
1284 816 1318 851 &⁸
1343 816 1393 863 5).
1443 814 1542 849 Nulla
1568 828 1691 863 organa
1718 814 1978 849 manducationis
2003 821 2153 856 externa,

542 877 597 911 vel
619 876 754 911 laminas
783 875 940 910 buccales
964 874 1029 909 vidi
1046 877 1083 921 ¹).

689 935 787 970 Pars
810 939 982 983 posterior
1009 937 1162 981 corporis
1189 953 1234 959 -
1262 934 1377 967 matrix
1408 954 1452 959 —-
1482 933 1575 967 vivae
1595 946 1657 967 nec
1679 947 1755 968 sese
1773 933 1996 968 contrahentis
2013 932 2151 967 feminae

541 995 611 1042 (fig.
643 994 664 1028 4
690 1007 707 1028 a
740 995 840 1029 latere
885 992 1067 1040 inferiore),
1106 991 1326 1033 sacciformis,
1367 992 1569 1032 reniforinis‚
1608 1005 1706 1040 supra
1736 993 2029 1041 impressionibus,
2056 991 2151 1039 plicis

543 1060 575 1089 et
603 1054 723 1088 suturis
752 1066 886 1093 carens,
912 1066 1009 1100 supra
1041 1058 1073 1086 et
1099 1051 1178 1085 infra
1221 1063 1388 1090 convexa,
1428 1050 1507 1084 infra
1542 1050 1656 1085 fissura
1685 1051 1907 1099 longitudinali
1936 1051 2005 1098 (fig.
2033 1052 2072 1094 4)
2098 1050 2150 1085 vel

541 1119 695 1161 apertura
724 1112 885 1151 matricis,
926 1125 987 1158 per
1026 1123 1124 1158 quam
1164 1123 1240 1144 sese
1269 1109 1468 1144 contrahens
1496 1109 1606 1156 pullos
1634 1111 1818 1151 emittebat,
1846 1110 2003 1158 praedita.
2055 1108 2152 1145 Haec

540 1175 646 1219 major
669 1172 821 1219 corporis
848 1171 1015 1218 posterior
1039 1182 1133 1216 pars,
1164 1181 1248 1216 quae
1272 1181 1406 1203 saccum
1433 1181 1495 1202 ova
1525 1174 1557 1202 et
1580 1168 1688 1216 pullos
1722 1170 1942 1204 continentem
1970 1169 2150 1212 efficiebat,

541 1230 722 1267 rubicunda
747 1230 799 1265 vel
827 1242 945 1264 carnea
972 1234 1056 1269 erat,
1084 1229 1158 1275 qnia
1186 1228 1264 1275 pulli
1293 1233 1325 1262 et
1353 1240 1414 1260 ova
1445 1226 1558 1261 rubida
1587 1240 1648 1274 per
1672 1233 1779 1262 cutem
1808 1228 1860 1262 vel
1890 1216 2150 1275 integumentum

540 1292 682 1326 matricis
710 1288 911 1338 pellucidum
937 1286 1143 1322 videbantur.
1196 1286 1253 1321 Ad
1281 1287 1406 1327 locum,
1431 1287 1485 1321 ubi
1513 1299 1594 1320 anus
1622 1299 1698 1321 esse
1729 1287 1912 1327 videbatur,
1928 1293 2019 1321 erant
2037 1287 2149 1334 plures

541 1350 658 1385 maculi
695 1349 786 1383 susci.
853 1346 965 1385 Quum
1005 1346 1122 1380 animal
1163 1359 1199 1380 se
1241 1345 1471 1386 contrahebat,
1512 1345 1625 1393 plures
1652 1346 1758 1393 plicae
1786 1346 2023 1380 transversales
2049 1358 2149 1394 supra

540 1409 736 1444 videbantur
765 1407 833 1454 (fig.
866 1409 879 1440 1
916 1405 951 1440 δι’
978 1405 1011 1446 2,
1037 1409 1085 1449 a),
1113 1417 1198 1452 quae
1241 1405 1349 1452 plicae
1388 1403 1475 1452 apud
1517 1404 1633 1439 animal
1672 1411 1835 1440 mortuum
1882 1406 1911 1439 in
1943 1406 2056 1452 spiritu
2085 1405 2149 1439 vini

539 1468 764 1505 adservatum,
791 1465 898 1500 media
923 1471 1017 1512 parte
1041 1465 1181 1499 maxime
1211 1477 1359 1498 convexa
1389 1469 1545 1511 excepta,
1573 1471 1767 1510 permanent
1793 1464 1862 1511 (fig.
1891 1464 1939 1508 3),
1959 1470 1992 1499 et
2010 1464 2149 1498 fortasse

539 1525 789 1576 quodammodo
813 1524 951 1559 annulos
994 1524 1147 1558 diversos
1187 1524 1270 1557 cutis
1309 1523 1501 1569 significant.
1553 1521 1612 1557 Ad
1641 1523 1736 1558 linem
1762 1524 1982 1571 posteriorem
2008 1524 2150 1558 matricis

539 1588 676 1622 fissurae
706 1591 757 1620 est
781 1584 927 1619 foramen
958 1582 1152 1623 rotundum,
1180 1584 1250 1617 sine
1279 1581 1380 1616 dubio
1409 1588 1561 1629 apertura
1590 1582 1699 1616 analis.

691 1643 958 1691 Integumentum
1002 1642 1144 1676 matricis
1181 1647 1231 1676 sat
1262 1640 1479 1689 pellucidum,
1517 1647 1624 1675 tamen
1665 1641 1792 1676 firmum
1821 1648 1854 1676 et
1885 1641 2149 1676 crassiusculum.

539 1704 595 1740 Ad
619 1702 949 1751 cephalothoracem,
996 1701 1073 1735 dum
1114 1700 1231 1735 animal
1257 1700 1480 1745 Peltogastro
1505 1700 1612 1734 adhuc
1642 1700 1783 1735 adfixum
1813 1707 1898 1741 erat,
1926 1701 2148 1735 membranam

539 1771 670 1799 tenuem
715 1769 747 1797 et
787 1761 984 1809 pellucidam
1029 1760 1246 1808 pendentem,
1283 1760 1424 1794 fortasse
1454 1766 1561 1794 cutem
1600 1761 1773 1806 rejectam,
1815 1761 1932 1795 inveni.
1986 1759 2020 1794 In
2047 1760 2147 1795 latere

539 1824 713 1870 superiore
752 1834 842 1868 pone
880 1820 1000 1854 collum
1044 1826 1094 1854 est
1133 1821 1216 1854 cutis
1253 1832 1360 1867 opaca
1398 1824 1430 1853 et
1457 1831 1585 1859 crassa,
1618 1818 1729 1854 ethic
1757 1819 1839 1854 duas
1865 1832 1958 1854 areas
1987 1825 2147 1854 structura

538 1883 660 1917 fibrosa
692 1880 761 1928 (fig.
790 1880 821 1921 6,
847 1893 879 1920 α,
907 1881 945 1927 a)
973 1879 1132 1914 videmus.
1186 1878 1348 1913 Fortasse
1376 1877 1520 1912 evolutio
1550 1877 1750 1913 valvularum
1778 1880 1848 1914 sive
1887 1879 2145 1926 integumentum

538 1942 681 1976 matricis
707 1941 748 1974 ab
776 1939 825 1973 his
856 1939 940 1972 areis
966 1939 1087 1985 incipit.

687 1998 803 2047 Itaque
829 1997 1101 2033 deformationem
1129 2002 1161 2031 et
1189 1996 1410 2031 evolutionem
1437 1997 1680 2044 regredientem
1706 1996 1794 2044 apud
1809 1996 1874 2031 hoc
1896 1997 2011 2031 animal
2039 1996 2147 2032 adhuc

537 2061 695 2106 majorem
723 2071 820 2106 quam
849 2056 938 2104 apud
967 2057 1148 2104 Bopyrmn
1176 2057 1375 2090 invenimus:
1399 2057 1506 2091 nullae
1532 2063 1708 2097 antennae,
1739 2056 1845 2091 nullae
1871 2056 2007 2090 laminae
2022 2056 2146 2091 bucca-

537 2120 601 2159 105,
630 2118 706 2152 nulli
734 2116 840 2165 pedes
865 2122 898 2150 et
923 2115 1030 2150 nullae
1057 2115 1194 2149 laminae
1223 2115 1437 2150 branchiales.

684 2177 734 2211 Le
760 2175 852 2210 male.
904 2174 948 2209 ,le
975 2173 1041 2208 n'ai
1067 2185 1130 2221 pas
1157 2185 1202 2208 eu
1230 2173 1421 2209 l'occasion
1449 2172 1494 2208 de
1521 2176 1670 2207 trouver
1696 2171 1742 2208 de
1758 2172 1850 2208 male
1871 2185 1934 2208 sur
1953 2184 1999 2207 ou
2020 2185 2064 2208 en
2082 2172 2144 2209 de-

538 2234 626 2270 dans
655 2234 703 2269 du
729 2234 958 2279 Peltogaster,
986 2245 1048 2268 sur
1071 2231 1190 2280 lequel
1218 2231 1250 2267 la
1277 2231 1420 2268 femelle
1448 2232 1528 2267 etait
1552 2231 1664 2272 tixe'e,
1695 2244 1742 2267 ou
1770 2244 1832 2267 sur
1862 2231 1894 2267 la
1911 2231 2054 2267 femella
2077 2232 2145 2268 elle

538 2293 671 2334 menne,
701 2305 843 2327 comme
870 2304 917 2327 on
942 2292 975 2328 le
1001 2292 1076 2327 voit
1103 2290 1192 2326 chez
1217 2290 1270 2326 les
1296 2291 1458 2327 femelles
1485 2291 1532 2326 du
1559 2302 1672 2339 genre
1698 2291 1871 2338 Phryxus
1898 2290 1944 2326 de
1971 2291 2142 2328 RATHKE.

537 2352 626 2388 Mais
650 2351 673 2387 il
696 2364 754 2387 me
784 2352 896 2399 parait
921 2349 1286 2386 tres-vraisemblable
1313 2363 1383 2399 que
1410 2350 1442 2385 la
1479 2350 1622 2398 Liriope
1641 2363 1819 2398 pygmaea
1860 2349 1932 2398 (fig.
1982 2350 2144 2398 19-23)

535 2411 668 2448 de'crite
694 2418 728 2446 et
754 2410 894 2459 {iguree
921 2422 984 2458 par
1011 2409 1150 2445 Rathke
1175 2412 1230 2444 est
1252 2421 1300 2444 un
1321 2411 1434 2457 jeune
1460 2408 1562 2444 male.
1598 2408 1801 2458 Lorsqu'on
1823 2409 1855 2444 la
1869 2420 2040 2457 compare
2054 2422 2142 2445 avec

534 2470 567 2506 la
593 2469 811 2517 description
837 2473 871 2504 et
897 2469 950 2504 les
974 2469 1108 2518 figures
1133 2467 1179 2503 de
1203 2468 1361 2516 Kroyer,
1385 2467 1633 2516 representant
1659 2481 1705 2504 un
1735 2467 1827 2504 male
1853 2467 1933 2516 plus
1954 2469 2067 2515 jeune
2097 2468 2142 2504 de

533 2542 600 2565 son
631 2531 791 2578 Bopyrus
818 2528 1090 2576 abdominalis²)‚
1118 2527 1178 2576 qui
1205 2533 1259 2562 est
1285 2527 1318 2562 le
1347 2527 1466 2563 meme
1493 2539 1564 2575 que
1590 2526 1623 2562 le
1658 2528 1830 2575 Phryxus
1866 2527 2058 2576 hippolytes
2095 2527 2141 2563 de

700 2615 721 2644 l)
758 2614 844 2644 Quum
865 2613 1047 2639 tantummodo
1068 2622 1145 2638 unuin
1165 2613 1299 2646 exemplar
1317 2613 1430 2643 obtinui,
1450 2612 1475 2638 id
1496 2612 1629 2637 dissecare
1649 2613 1728 2638 nolui.

697 2657 722 2689 2)
757 2656 984 2682 ”Naturliistorisk
1013 2656 1155 2685 Tidskrist‚
1182 2654 1198 2680 3
1228 2654 1291 2680 Bd.’'
1320 2655 1464 2684 1840—11.
1492 2664 1551 2690 pag.
1572 2655 1629 2685 291,
1649 2655 1715 2681 Tab.
1735 2655 1754 2687 Ῑ,
1772 2656 1813 2691 fig.
1833 2656 1944 2687 21-24,
1964 2656 2030 2682 Tab.
2049 2656 2081 2687 Il,
2100 2656 2142 2691 fig.

534 2701 606 2727 1-3.
626 2714 655 2719 —
675 2700 787 2734 Voyage
807 2708 838 2725 en
858 2699 1046 2730 Scandinaxie,
1066 2699 1222 2728 Crustacea,
1241 2699 1274 2733 pl.
1294 2698 1332 2728 29,
1354 2699 1394 2733 fig.
1416 2699 1437 2729 1,
1457 2704 1525 2723 t-u.
