2379 3188
1682 311 1765 351 287

200 415 341 457 usculo,
368 413 465 450 fulvo
494 413 514 449 l.
543 412 928 463 crocco-ferruginem
961 413 1106 449 tandem
1135 414 1312 450 tumidulo
1341 418 1376 450 et
1403 415 1601 465 marginem
1636 416 1824 463 integrum,

199 480 362 515 tenuem,
392 471 645 508 obscuriorem
675 472 894 519 (olivaceum
923 472 944 508 l.
975 472 1422 523 olivaceo-aurantiacum)
1447 475 1677 512 excludente.

345 544 437 594 Syn.
473 543 694 592 Gyalolecleia
723 545 847 580 nivalis
875 544 1007 581 Mass.
1032 544 1139 580 Mem.
1168 559 1245 594 pag.
1270 545 1348 581 129.
1371 567 1418 573 -
1440 545 1823 595 CallopismaKoerb.

245 604 336 654 Syst.
363 617 394 651 p.
420 601 478 638 51.

343 670 439 706 Exs.
469 669 627 707 Koerb.
658 685 689 706 n.
720 670 778 707 35.

335 738 451 786 Supra
481 750 628 773 muscos
655 741 783 773 tenues
810 736 990 773 lichenem
1029 736 1125 773 hunc
1159 737 1381 773 rarissimum
1409 738 1504 774 circa
1531 737 1821 785 Jartjordbotten

194 796 422 832 Finmarkiae
463 796 646 832 orientalis
684 796 822 838 inveni,
853 803 958 832 antea
986 797 1131 833 duobus
1164 797 1414 833 tantummodo
1446 796 1537 833 locis
1563 797 1597 833 in
1623 796 1823 845 Riesenge-

194 855 296 905 birge
322 868 342 891 a
371 855 444 891 Cel.
474 855 718 891 Koerbero
749 855 943 892 inventum.

344 931 467 971 Quanti
503 935 659 968 momenti
688 935 729 968 sit
755 947 834 969 usus
862 934 1077 981 microscopii
1104 934 1134 968 in
1164 933 1349 968 lic-lienibus
1378 931 1653 972 determinandis,
1682 929 1735 964 hic
1759 942 1821 977 op-

193 993 269 1026 time
310 991 532 1033 demonstran
575 1006 635 1041 pro
673 993 775 1028 l'orma
805 1007 914 1028 macra
944 1000 976 1028 et
1004 993 1159 1027 obsoleta
1193 992 1400 1041 Caloplacae
1436 996 1571 1026 cerinae
1607 990 1660 1025 vel
1694 991 1821 1035 ferru-

188 1055 309 1096 gineae
336 1050 424 1086 haud
449 1052 549 1087 dubie
575 1065 592 1086 a
626 1053 774 1100 plurimis
803 1053 1001 1094 baberetur,
1029 1054 1115 1087 notis
1143 1054 1279 1087 internis
1308 1052 1494 1099 incognitis.
1537 1049 1687 1098 Ingenue
1707 1049 1822 1089 fateor,

192 1109 267 1144 mihi
288 1109 374 1145 lianc
400 1112 544 1158 plantam
569 1112 676 1159 prima
703 1114 776 1148 vice
805 1113 1032 1160 microscopio
1061 1113 1249 1160 subjicienti
1279 1112 1419 1146 maxime
1448 1111 1564 1145 mirum
1591 1110 1698 1144 visum
1727 1120 1820 1147 esse,

190 1182 310 1217 sporas
338 1169 425 1205 adeo
454 1170 623 1206 distinctas
653 1177 686 1206 et
714 1185 730 1206 a
761 1172 915 1206 similium
944 1173 1132 1219 specierum
1163 1171 1313 1206 diversas
1349 1170 1481 1205 adesse.
1537 1168 1585 1203 At
1620 1180 1820 1217 quamquam

191 1228 333 1276 dignitas
361 1229 459 1276 hujus
489 1230 621 1278 plantae
648 1231 806 1279 specifica
838 1231 935 1265 nullis
961 1231 1070 1266 dubiis
1099 1237 1213 1279 potest
1239 1230 1368 1271 vexari,
1395 1242 1503 1277 genus
1531 1234 1655 1269 tamen,
1687 1228 1739 1262 cui
1761 1226 1820 1260 ad-

191 1288 368 1324 scribenda
402 1289 458 1330 sit,
486 1290 627 1324 maxime
658 1296 708 1324 est
736 1291 909 1325 incertum.
967 1289 1082 1329 Quare
1123 1291 1222 1326 etiam
1264 1288 1306 1323 ad
1334 1289 1420 1323 varia
1453 1290 1518 1335 jam
1544 1300 1667 1335 genera
1695 1292 1746 1321 est
1767 1298 1819 1320 re-

189 1348 251 1382 lata
277 1347 476 1397 (Zeormm
502 1347 656 1384 Koerb.
687 1348 774 1385 Sei-t.
804 1348 941 1391 Sudet.‚
968 1349 1197 1397 Callopisma:
1223 1348 1379 1383 Koerb.
1410 1347 1520 1398 Syst.‚
1546 1346 1819 1394 Gyccloleclziam:

190 1405 320 1441 Mass.
348 1413 381 1442 et
410 1406 565 1443 Koerb.
597 1407 679 1456 Pg„
707 1407 1003 1457 Sporoblast‘iam:
1031 1407 1189 1455 Trev.);
1227 1407 1303 1442 mihi
1334 1408 1431 1442 nimis
1473 1407 1633 1441 biatorina
1667 1405 1820 1440 videntur

189 1466 380 1514 apothecia‚
407 1479 509 1514 quare.
537 1473 592 1502 aut
620 1469 817 1503 Biatorim's
842 1475 896 1503 aut
923 1469 1082 1503 Biatoris
1109 1466 1391 1502 adnumerandam
1419 1480 1494 1502 esse
1523 1465 1637 1501 credo.
1683 1463 1819 1512 Sporae

191 1534 363 1574 utramque
385 1527 581 1561 sententiam
598 1533 741 1575 possunt
770 1527 964 1563 defendere.
1018 1526 1104 1562 Sunt
1129 1528 1215 1562 enim
1244 1540 1345 1562 senae
1372 1526 1391 1561 l.
1422 1532 1582 1568 octonae,
1611 1524 1819 1572 oblongo-li-

190 1598 321 1626 neares,
362 1586 513 1634 utrinque
552 1587 709 1628 obtusae,
752 1586 912 1628 luteolae,
954 1587 1259 1635 sporoblastemate
1299 1586 1452 1634 primitus
1488 1585 1684 1633 grumuloso
1714 1584 1818 1631 guttis

191 1644 314 1679 oleosis
339 1645 410 1680 sine
438 1645 555 1680 ordine
580 1646 750 1688 immixtis,
779 1645 853 1681 (lein
881 1647 1036 1681 obsolete
1059 1645 1233 1695 dyblastae
1253 1644 1414 1681 blastidiis
1437 1645 1677 1693 approximatis
1697 1642 1818 1690 (semel

188 1704 411 1738 tetrablastam
440 1704 522 1753 vidi)
551 1711 584 1740 et
612 1703 747 1740 demum
775 1706 1037 1748 confluentibus,
1066 1718 1168 1753 quare
1197 1718 1320 1753 sporae
1342 1704 1572 1739 monoblastae
1588 1705 1675 1738 intus
1697 1716 1819 1750 granu-

194 1763 464 1811 loso-grumosae
510 1763 678 1806 videntur,
715 1766 890 1806 (himo—34
918 1778 994 1799 mm.
1018 1765 1140 1812 longae
1168 1771 1202 1800 et
1231 1766 1385 1806 (Low-r,
1416 1778 1492 1798 mm.
1523 1764 1617 1799 latae.
1672 1762 1756 1797 Asci
1782 1776 1817 1797 e-

190 1822 476 1870 longato-clavati,
502 1823 749 1873 paraphysibus
774 1824 1049 1867 cohaerentibus,
1074 1824 1296 1866 liliformibus,
1312 1825 1408 1872 apice
1431 1823 1693 1858 fulvescentibus
1709 1823 1815 1856 cincti.

336 1890 369 1925 4.
396 1890 446 1926 B.
470 1892 649 1926 cumulata
678 1890 870 1938 (Sani-fta:
899 1896 1018 1926 crusta
1046 1904 1185 1934 crassa,
1221 1890 1351 1932 effusa,
1374 1889 1568 1939 inaequali,
1597 1901 1815 1925 verrucoso*

194 1947 378 1991 rimulosa,
408 1948 570 1991 cinerea,
597 1948 847 1998 hypothallum
877 1949 1084 1986 obsoletum
1110 1949 1322 1999 obtegente;
1348 1948 1546 1998 apotheciis
1563 1948 1816 1990 minutissimis,

189 2006 316 2054 planis,
346 2007 428 2043 atris
456 2007 474 2043 l.
502 2009 688 2050 atrorufis,
721 2009 883 2058 margine
917 2010 1015 2046 tenui
1048 2009 1237 2059 pallidiore
1264 2009 1406 2050 cinctis,
1438 2010 1472 2044 in
1500 2008 1691 2044 acervulos
1719 2007 1816 2043 orbi-

190 2065 328 2101 culares
356 2067 570 2103 densissime
599 2068 889 2118 conglomeratis.

339 2134 434 2184 Syn.
463 2136 611 2171 Lecidea
640 2139 819 2174 cumulata
847 2137 987 2173 Smrst.
1018 2136 1142 2186 Suppl.
1172 2151 1203 2185 p.
1234 2136 1314 2176 157,
1343 2135 1516 2173 Schaer.
1538 2135 1659 2172 Enum.
1682 2150 1714 2185 p.
1732 2137 1813 2172 135.

338 2202 487 2238 Lecidea
514 2203 744 2240 sabuletorum
770 2206 958 2254 apotheciis
987 2206 1153 2254 prolil'eris
1179 2204 1244 2240 Fr.
1270 2204 1311 2240 L.
1341 2204 1382 2240 E.
1418 2219 1451 2254 p.
1478 2205 1563 2240 340.

335 2270 481 2306 Lecldea
504 2286 717 2322 paracarpa
743 2272 837 2324 Nyl.
863 2273 971 2310 Herb.
999 2273 1093 2309 Mus.
1118 2272 1227 2308 Fenn.
1259 2287 1291 2321 p.
1322 2274 1388 2308 111
1418 2276 1502 2319 (sec.
1530 2286 1623 2322 spec.
1654 2275 1764 2321 orig).

337 2337 433 2374 Exs.
456 2337 526 2374 Tb.
554 2339 619 2375 Fr.
649 2354 680 2376 n.
708 2341 766 2376 44.

335 2406 396 2441 Ad
424 2412 555 2445 terram
582 2410 714 2446 nudam
750 2411 904 2461 alpinam
933 2411 1201 2453 Nordlandiae,
1229 2410 1461 2447 Finmarkiae
1489 2411 1695 2462 utriusque,
1721 2413 1812 2462 Lap-

190 2461 318 2508 poniae
343 2464 555 2510 Kemensis,
583 2468 686 2506 insul.
716 2470 1065 2521 Spitsbergensium,
1096 2470 1367 2507 Groenlandiae
1393 2475 1447 2507 sat
1471 2470 1691 2521 frequenter.

338 2532 426 2570 Inter
466 2549 582 2573 omnes
623 2542 775 2588 species,
815 2554 902 2590 quae
931 2541 1007 2577 huic
1032 2543 1149 2590 generi
1173 2541 1417 2576 adscribendae
1443 2548 1533 2585 sunt,
1559 2542 1642 2578 haec
1671 2545 1812 2578 maxime

189 2595 240 2624 est
270 2591 445 2638 singularis
472 2601 505 2630 et
533 2597 586 2632 vix
613 2611 688 2633 cum
717 2600 825 2648 aliqua
849 2601 910 2635 alia
936 2600 1174 2649 comparanda.
1231 2599 1372 2636 Thallus
1402 2614 1554 2643 crassus,
1580 2602 1747 2637 Lecideae
1760 2603 1812 2637 al-

181 2654 314 2696 pes-tris
340 2649 512 2702 (Smrst.)
539 2655 651 2691 habitu
679 2659 876 2700 subsimilis,
909 2672 927 2694 e
954 2661 1103 2695 verrucis
1131 2659 1150 2694 l.
1179 2659 1323 2707 glebulis
1347 2666 1523 2696 contextus
1554 2668 1605 2696 est
1629 2661 1813 2697 cohaeren-

187 2708 293 2750 tibus,
331 2709 494 2747 rimulosis
532 2713 551 2748 l.
584 2714 653 2752 sere
686 2717 856 2759 discretis,
895 2717 1041 2754 obscure
1068 2719 1087 2753 l.
1115 2717 1238 2765 pallide
1265 2719 1566 2762 cineraseentibus,
1595 2721 1717 2768 quibus
1748 2721 1806 2754 im-
