2379 3188
1665 254 1744 296 117

183 364 392 401 calidioribus
429 361 608 397 aestatibus
640 359 751 408 gelido
786 372 847 394 suo
879 365 1073 406 tegumento
1100 364 1272 400 exuuntur,
1300 359 1538 400 Stereocaulis,
1572 361 1796 410 Gyrophoris,

182 425 343 463 Lecideis,
376 422 604 468 Rhizocarpzsss
636 432 789 466 umquam
819 425 947 457 careum
990 430 1100 465 neque
1127 417 1188 451 ulla
1220 417 1260 452 ad
1291 417 1355 452 hoc
1384 431 1490 466 usque
1518 426 1649 467 tempus
1676 422 1716 455 ab
1742 435 1800 456 au-

182 484 319 518 dacibus
346 479 588 528 impavidisque
616 479 788 525 regionum
819 477 979 524 polarium
1018 476 1267 523 indagatoribus
1296 477 1380 511 adita
1410 484 1459 512 est
1489 485 1591 519 terra,
1621 479 1674 513 ubi
1699 480 1798 527 plane

181 541 324 577 lichenes
365 539 510 573 defuere.
562 536 654 571 Num
701 542 733 570 et
767 536 815 570 his
838 537 919 583 ipsis
950 536 1029 570 lines
1060 537 1267 583 praescribat
1299 534 1445 577 Boreas,
1471 536 1598 572 suturae
1627 538 1798 573 docebunt

180 600 434 648 explorationes.
492 596 589 634 Quae
629 600 752 630 restant
794 594 835 629 de
880 595 942 630 hac
983 609 1018 630 re
1058 595 1155 629 dubia
1199 594 1384 629 dissolvent
1421 596 1505 631 sorte
1540 598 1712 643 gentilicii,
1741 601 1796 645 qui

179 659 329 707 proximo
370 670 473 696 anno,
513 656 672 703 impensis
705 654 846 701 publicis
877 655 1042 694 instructi,
1078 654 1191 701 polum
1227 655 1385 688 arcticum
1415 662 1530 702 petere
1556 658 1798 691 constituerunt

179 726 364 764 terramque
390 716 474 750 illam
505 715 767 763 hyperboream,
794 713 877 747 ultra
906 713 1186 761 Spitsbergenses
1215 713 1336 748 insulas
1365 714 1475 756 sitam,
1510 716 1710 763 investigare
1739 729 1797 750 co-

178 778 259 816 nari,
284 777 378 821 cujus
407 776 549 809 obscura
577 773 693 807 indicia
724 773 817 806 nimis
847 772 1005 807 hactenus
1034 774 1063 807 iu
1091 773 1237 807 tenebris
1266 779 1448 813 versantur,
1481 788 1578 822 11113111
1603 789 1682 809 vero
1702 777 1795 822 equi-

177 835 269 875 dem,
298 835 471 881 colloquiis
512 834 622 871 nixus,
658 845 742 879 quae
779 845 852 865 cum
880 832 1090 867 balaenarum
1121 833 1351 873 venatoribus,
1383 847 1471 867 mare
1504 834 1641 881 glaciale
1670 835 1789 869 crebro

177 896 385 934 transvectis,
416 893 567 927 serebant
614 891 792 931 interdum,
822 904 886 925 non
913 904 954 926 ex
983 893 1174 937 conjectura
1204 892 1311 926 solum
1344 892 1546 927 sabulosis-ve
1581 895 1793 929 enarrationi-

179 955 239 988 bus
267 953 412 1001 pendere
437 951 544 985 liabeo
574 951 648 984 1111111
679 963 887 997 persuasum.

327 1011 583 1058 Vegetationem
623 1009 785 1044 lichenum
829 1011 1015 1044 universam
1052 1009 1288 1057 diversumque
1321 1011 1393 1055 ejus
1420 1009 1582 1052 habitum,
1610 1012 1714 1059 qualis
1744 1012 1794 1046 his

175 1073 255 1119 ipsis
290 1072 329 1104 sit
363 1070 535 1117 qualisque
563 1070 667 1114 magis
696 1069 865 1103 meridiem
894 1082 1012 1103 versus
1041 1070 1269 1116 spectantibus
1295 1069 1392 1111 locis,
1421 1072 1642 1117 comparanti,
1668 1073 1698 1106 in
1728 1073 1794 1119 pri-

175 1132 252 1171 mis,
281 1136 314 1163 ut
350 1131 410 1174 jam
437 1142 536 1176 supra
566 1129 674 1162 obiter
702 1134 752 1162 est
781 1128 975 1168 indicatum,
1004 1129 1169 1175 singulare
1194 1129 1325 1163 videtur
1354 1135 1386 1163 et
1417 1130 1533 1164 oculos
1562 1130 1674 1172 allicit,
1702 1131 1793 1179 1111011

173 1188 317 1224 lichenes
346 1190 375 1223 in
408 1189 633 1236 septentrione
669 1188 783 1221 mirum
812 1189 841 1221 in
872 1187 1005 1221 modum
1035 1194 1274 1222 coacervantur
1308 1196 1407 1236 atque
1435 1195 1540 1224 tantas
1569 1191 1684 1237 copias
1712 1191 1793 1226 offe-

174 1254 261 1288 runt,
302 1253 335 1282 ut
368 1247 427 1282 soli
462 1247 529 1291 (vel
557 1248 751 1281 intermixtis
779 1259 880 1294 parce
913 1247 1035 1280 muscis
1060 1246 1385 1295 phanerogamisque
1412 1247 1531 1295 plantis
1560 1249 1730 1296 depressis
1754 1264 1793 1286 ac

173 1308 401 1351 sarmentosis)
428 1307 507 1341 latas
536 1307 652 1354 plagas
678 1312 855 1353 occupent.
909 1304 1033 1353 quue
1070 1306 1134 1340 hoc
1162 1306 1348 1341 evidentius
1379 1309 1577 1354 conspicere
1606 1309 1698 1350 licet,
1725 1323 1791 1358 quo

173 1367 440 1415 phauerogamae
478 1367 583 1413 magis
628 1366 774 1413 plantae,
814 1366 945 1412 iniquae
978 1370 1114 1399 naturae
1152 1365 1328 1407 cedentes,
1356 1379 1449 1401 rarae
1478 1373 1577 1414 atque
1604 1381 1791 1417 pygmaeae

173 1426 331 1466 evadunt,
363 1439 464 1473 quare
491 1426 520 1459 in
547 1426 673 1472 campis
699 1425 814 1472 alpinis
844 1425 1038 1471 praesertim
1072 1425 1122 1459 vel
1154 1425 1347 1470 regionibus
1373 1427 1510 1473 proprie
1540 1428 1670 1462 arcticis
1699 1430 1744 1475 (v.
1762 1442 1790 1463 c.

172 1486 282 1520 insulis
311 1484 648 1532 Spitsbergensibus)
674 1483 918 1518 abundantibus
943 1484 992 1518 his
1021 1485 1127 1531 copiis
1156 1483 1366 1518 dominantur
1389 1486 1666 1534 praepollentque
1691 1487 1792 1523 liche—

172 1557 241 1580 nes.
296 1543 404 1582 Quam
435 1557 501 1578 rem
535 1545 598 1590 jam
628 1544 656 1577 in
687 1543 796 1577 Flora
827 1543 1034 1591 Lapponica
1069 1543 1238 1577 adnotavit
1280 1542 1505 1578 Linnaeus:
1546 1544 1791 1582 ''Calidissimas

174 1605 263 1639 orbis
292 1610 402 1651 partes
430 1604 513 1650 regit
537 1602 726 1636 Palmarum
754 1602 888 1643 familia,
915 1609 1018 1637 terras
1046 1602 1169 1637 calidas
1201 1604 1347 1638 incolunt
1374 1604 1593 1640 srutescentes
1608 1606 1791 1653 plantarum

172 1669 307 1710 gentes,
349 1663 507 1697 australes
546 1661 706 1709 Europae
753 1662 870 1709 plagas
911 1675 1086 1696 numerosa
1132 1668 1226 1696 ornat
1260 1662 1436 1697 herbarum
1466 1677 1607 1706 corona,
1633 1664 1790 1712 Belgium

175 1709 382 1769 Daniamque
423 1722 605 1769 graminum
648 1727 814 1768 occupant
853 1722 991 1768 copiae,
1032 1721 1189 1755 Sueciam
1231 1720 1432 1756 Muscorum
1472 1724 1617 1769 agmina,
1647 1725 1790 1759 ultimam

173 1795 252 1815 vero
285 1781 594 1828 l'rigidissiinamque
622 1779 832 1828 Lapponiam
862 1780 1003 1827 pallidae
1031 1781 1156 1827 Algae,
1193 1783 1386 1828 praesertim
1413 1781 1476 1816 albi
1505 1780 1683 1818 Liclienes.
1736 1783 1790 1819 En

173 1841 313 1874 ultimam
344 1841 560 1886 vegetationis
588 1840 726 1887 gradum
754 1841 783 1874 iu
811 1840 920 1873 ultima
952 1839 1079 1874 terra!vv
1101 1862 1151 1866 —
1168 1840 1428 1875 Observandum
1457 1849 1563 1876 tamen
1594 1849 1657 1883 est,
1685 1844 1790 1878 minus

173 1900 357 1947 specierum
385 1899 602 1940 multitudine,
628 1912 725 1946 quani
753 1900 914 1933 innuens-o
946 1901 1134 1947 specierum
1164 1900 1368 1947 quarundam
1385 1900 1628 1936 individuorum
1652 1916 1789 1937 numero

175 1960 354 2007 principem
385 1959 491 1992 locum
517 1958 662 1993 lichenes
691 1965 820 1996 tenere:
860 1972 944 2006 quae
975 1960 1098 2006 primas
1126 1961 1236 2007 itaque
1271 1966 1382 2007 partes
1411 1968 1512 2007 agunt
1537 1963 1686 2009 species,
1715 1969 1790 1997 sunt

175 2018 241 2052 fere
273 2017 434 2053 Cen-aria
464 2018 647 2057 islamlica,
690 2017 828 2058 nivalis,
870 2019 1061 2060 cucullata,
1090 2019 1265 2054 Alectoria
1300 2019 1513 2060 θοήν-οἴομαι,
1546 2020 1789 2056 Corma-[daria

174 2077 363 2122 divergens,
397 2076 596 2124 Neplm'oma
634 2083 822 2117 arcticum,
862 2077 1064 2119 Cladonme,
1101 2078 1372 2127 Splawropllori,
1409 2079 1588 2115 Lecanoroe
1630 2089 1789 2116 tartarea

174 2141 207 2170 et
230 2136 382 2175 oculata,
408 2135 641 2183 [cmmlopltila
669 2143 887 2183 aeruginosa.

321 2194 464 2242 Species
489 2208 624 2242 1111011119
651 2195 704 2230 liic
728 2197 860 2231 obviam
891 2198 1017 2236 venire,
1043 2209 1125 2244 quas
1154 2198 1258 2244 magis
1285 2199 1433 2233 minusve,
1456 2199 1595 2232 arcticas
1618 2200 1788 2235 nominare

174 2259 342 2300 oporteat,
384 2255 508 2301 quippe
551 2267 635 2301 quae
676 2255 726 2290 vel
753 2256 865 2290 nullibi
892 2256 956 2290 siut
981 2262 1153 2303 praeterea
1183 2257 1336 2292 inventae
1359 2257 1411 2292 vel
1437 2264 1584 2292 centrum
1614 2271 1709 2292 suum
1735 2258 1788 2294 hic

174 2310 329 2352 habeant,
357 2320 445 2347 extra
476 2313 565 2360 quod
595 2326 695 2360 parce
724 2320 845 2348 tantum
871 2316 1081 2363 sparsimque
1110 2322 1302 2357 occurrant,
1334 2329 1395 2364 per
1421 2329 1457 2351 se
1487 2322 1587 2364 patet.
1628 2315 1662 2352 In
1692 2320 1788 2354 maris

174 2372 353 2418 praecipue
382 2373 494 2406 vicinia
524 2373 741 2420 scopulisque
764 2374 846 2421 ipsis
872 2375 1003 2409 marinis
1034 2376 1168 2422 species
1194 2375 1252 2409 bas
1279 2377 1406 2417 stricte,
1434 2382 1469 2410 ut
1482 2377 1522 2410 ita
1540 2375 1663 2417 dicam,
1691 2379 1786 2412 arcti-

175 2441 230 2462 cas
257 2430 401 2464 iuvenire
430 2430 518 2471 licet,
545 2443 742 2478 quamquam
771 2433 801 2466 in
831 2434 949 2467 ceteris
982 2434 1174 2480 regionibus
1199 2435 1329 2468 minime
1353 2434 1490 2474 desunt,
1512 2435 1566 2468 ubi
1595 2443 1702 2470 tamen
1727 2437 1786 2471 dif-

176 2486 333 2522 ficultates
369 2488 454 2522 haud
488 2489 578 2524 leves
611 2490 722 2531 affert,
756 2504 794 2525 an
825 2492 946 2525 rectius
974 2493 1037 2526 sint
1064 2506 1126 2539 pro
1159 2493 1275 2540 alpinis
1300 2494 1413 2527 formis
1441 2493 1632 2533 habendae,
1660 2494 1785 2529 discer-

175 2558 253 2579 nere
281 2553 378 2593 atque
406 2547 595 2593 dijudicare..
647 2548 737 2583 Inter
768 2549 915 2584 lichenes
940 2550 1042 2584 florae
1070 2557 1204 2585 arctoae
1231 2553 1345 2599 privos
1372 2553 1597 2599 propriosque
1625 2553 1699 2599 plus
1728 2554 1785 2586 mi·

175 2616 237 2638 nus
263 2607 379 2639 merito
407 2611 483 2639 sunt
507 2607 747 2641 numerandae:
794 2607 905 2642 Usnea
935 2609 1175 2650 melaxantha,
1208 2609 1356 2657 Si'plmla
1388 2609 1571 2649 Ceratites,
1602 2610 1784 2645 Pannaria

1520 2679 1595 2713 151,
