2379 3188
642 241 729 282 260

739 345 798 381 ⁶25.
845 346 895 382 Cl.
937 346 1136 394 Papillaria
1175 344 1352 392 (Ehrh.):
1392 344 1546 393 podetiis
1586 344 1774 387 brevibus,
1816 344 2014 393 fragilibus,
2051 345 2199 392 glabris,

588 406 738 457 glaucis,
781 404 923 440 ramulis
962 404 1143 440 sterilibus
1182 404 1283 453 apice
1312 404 1440 452 papilla
1468 403 1568 439 fusca
1596 404 1724 440 obtusa
1750 404 1960 446 terminatis,
1991 405 2106 440 axillis
2133 405 2199 440 iin-

589 464 795 514 perforatis;
832 462 1030 511 apotheciis
1056 462 1221 498 solitariis
1251 462 1592 511 conglomeratisve,
1620 462 1845 505 fusco-rufis,
1872 463 2032 512 primitus
2062 464 2199 512 planiu-

589 524 677 560 culis
703 522 1004 570 marginatisque,
1033 521 1116 557 dein
1150 522 1335 558 convexis.

739 590 832 640 Syn.
882 590 1063 637 C'enomyce
1104 591 1301 639 Papillaria
1345 589 1442 624 Ach.
1477 588 1572 624 Univ.
1602 603 1634 637 p.
1665 589 1747 630 571,
1777 589 1857 639 Syn.
1885 604 1917 638 p.
1945 590 2028 631 (248,
2058 590 2200 626 Smrst.

640 650 756 700 Suppl.
798 664 830 698 p.
875 649 954 683 133.
999 671 1049 676 —-
1089 649 1256 685 Cladonia
1295 647 1362 683 Fr.
1399 647 1435 681 L.
1464 647 1504 682 E.
1533 663 1564 696 p.
1592 648 1674 689 245,
1709 648 1877 684 Schaer.
1905 649 2025 684 Enum.
2059 664 2090 697 p.
2117 649 2201 691 203,

637 710 795 746 Koerb.
822 708 914 757 Syst.
942 722 975 755 p.
1006 708 1063 743 37.

741 777 836 812 Exs.
863 775 901 811 L.
930 775 987 809 Su.
1014 790 1044 810 n.
1069 774 1153 809 233.
1185 795 1236 800 -
1263 772 1399 807 Smrft.
1428 787 1458 808 n.
1487 773 1544 808 74.
1576 794 1625 798 —
1650 772 1720 809 Th.
1747 773 1813 809 Fr.
1840 789 1870 809 n.
1905 776 1959 810 16.
1991 798 2036 803 —
2067 776 2197 812 Rbnh.

638 851 668 872 n.
698 837 782 871 260.

738 903 923 938 Hactenus
949 911 1057 947 supra
1084 904 1214 934 terram
1243 899 1374 935 nudam
1403 899 1574 935 turfosam
1594 899 1629 935 in
1648 898 1797 948 rupibus
1815 899 2067 936 submaritimis
2083 901 2200 938 Nord-

587 962 726 999 landiae
757 958 1006 996 tantummodo
1034 958 1142 1000 lecta,
1171 970 1229 994 ex.
1252 971 1302 1008 gr.
1331 959 1366 994 in
1394 958 1716 994 Skarvhammeren
1733 958 1776 994 ad
1797 959 1984 1006 Skjerstad
2003 960 2198 1008 (Smrft.)‚

588 1019 816 1068 Alstadhoug
843 1016 1010 1065 (Blytt).

841 1087 876 1122 A
887 1097 908 1122 P
916 1098 938 1122 P
946 1098 968 1121 E
977 1098 998 1122 N
1008 1098 1032 1122 D
1043 1098 1055 1121 1
1063 1098 1088 1121 X
1098 1101 1104 1121 :
1133 1086 1268 1135 Species
1296 1092 1407 1121 minus
1436 1092 1600 1133 cognitae.

739 1159 797 1194 26.
830 1157 909 1194 CL?
934 1164 1069 1193 arctim
1096 1157 1153 1205 (R.
1178 1158 1276 1207 Br.):
1305 1157 1459 1206 podetiis
1482 1158 1608 1194 inflatis
1624 1157 1643 1194 l.
1663 1157 1962 1200 subventricosis,
1980 1158 2201 1208 simplicibus

586 1219 607 1254 l.
631 1217 840 1267 parcissime
868 1216 1036 1259 ramosis,
1063 1221 1173 1252 tenue
1200 1216 1503 1258 membranaceis,
1532 1216 1670 1252 flavidis
1693 1216 1713 1253 l.
1740 1216 1819 1265 plus
1848 1218 1965 1253 minus
1989 1218 2199 1256 rufeseeuti-

587 1277 670 1319 bus3
699 1275 896 1326 apotheciis
925 1274 1302 1324 liepatico-brunneis‚
1323 1276 1452 1324 planis,
1470 1275 1631 1325 margine
1650 1275 1806 1311 thallode
1822 1276 2096 1319 subcrenulat0,
2114 1277 2200 1314 sub-

587 1336 754 1373 obsoleto
781 1335 915 1371 cinctis.

740 1404 835 1454 Syn.
873 1404 1061 1450 qufourea
1089 1408 1223 1438 arctim
1251 1401 1294 1437 R.
1325 1402 1389 1438 Br.
1424 1404 1454 1438 in
1484 1402 1651 1438 Frankl.
1682 1403 1814 1438 Narrat.
1847 1404 1884 1438 of
1905 1418 1920 1438 a
1948 1404 2064 1439 Journ.
2088 1411 2120 1439 to
2142 1405 2197 1440 the

587 1465 705 1501 shores
745 1465 782 1499 ol'
815 1464 869 1499 the
904 1462 1008 1497 Polar
1035 1462 1101 1497 Sea
1137 1476 1168 1510 p.
1210 1462 1281 1497 762
1319 1461 1377 1507 (R.
1406 1462 1470 1498 ΒΓ.
1509 1462 1621 1498 Verm.
1652 1462 1729 1497 But.
1767 1462 1900 1498 Schrist.
1931 1463 1983 1498 ed.
2024 1463 2141 1499 Nees
2169 1478 2198 1499 v.

587 1524 745 1560 Esenb.
778 1522 802 1557 I.
831 1536 862 1570 p.
893 1522 1006 1569 536).

740 1595 836 1629 Inter
858 1605 1003 1628 muscos
1030 1592 1120 1628 locis
1146 1591 1371 1627 subhumidis
1408 1590 1454 1627 ad
1481 1591 1589 1627 latera
1632 1596 1667 1627 et
1702 1591 1842 1627 radices
1881 1591 2012 1639 alpium
2051 1593 2196 1627 Groen-

585 1654 726 1690 landiae
754 1652 885 1701 passim
911 1664 968 1687 ex.
998 1664 1048 1700 gr.
1075 1651 1110 1686 in
1137 1650 1233 1686 distr.
1263 1650 1500 1693 Rittenbenk,
1529 1651 1574 1686 ad
1602 1650 1664 1686 sin.
1692 1650 1859 1692 Ikkatok‚
1894 1650 2052 1692 Isortok,
2083 1650 2195 1685 Ama-

587 1713 675 1750 ralik
702 1712 748 1759 (J.
776 1710 922 1759 vahl),
951 1710 1015 1745 sed
1043 1722 1188 1759 semper
1219 1710 1356 1745 sterilis.

734 1784 875 1819 Minime
908 1784 1104 1818 haesitarem
1138 1784 1248 1819 habitu
1277 1784 1361 1818 lianc
1390 1783 1532 1830 plantam
1561 1783 1759 1830 singularem
1788 1782 1828 1816 ad
1860 1782 2044 1818 Cludomas
2075 1783 2198 1818 referre

587 1850 620 1880 et
648 1844 697 1879 Cl.
723 1843 853 1889 gruellc‘
875 1844 1057 1890 proximam
1085 1856 1240 1884 censere,
1269 1844 1329 1877 nisi
1358 1843 1539 1890 descriptio
1568 1842 1820 1889 apotheciorurn
1849 1842 1923 1876 mihi
1941 1855 2005 1876 non
2023 1843 2198 1877 obviorum

588 1903 686 1937 dubia
715 1908 874 1937 moveret.
929 1900 1126 1949 Descriptio
1152 1902 1170 1935 l.
1199 1915 1226 1936 c.
1257 1901 1330 1935 (lata
1357 1901 1440 1936 adeo
1470 1908 1521 1936 est
1547 1902 1633 1935 bona
1665 1907 1697 1935 et
1725 1901 1910 1948 completa,
1934 1907 1969 1934 ut
1994 1914 2065 1935 eam
2093 1907 2197 1935 trans-

588 1963 735 1997 scribere
774 1962 886 1996 liceat:
926 1959 975 1995 ’Ἐ
1016 1960 1115 1994 thallo
1156 1967 1287 1995 vetusto
1318 1961 1467 1995 fistuloso
1495 1966 1663 2008 prostrato
1694 1960 1816 1995 surculi
1846 1960 2198 1995 subulato-ventricosi

587 2027 784 2068 exsurgunt,
823 2033 925 2067 saepe
963 2021 1176 2067 caespitosim
1206 2032 1281 2053 sese
1304 2020 1387 2053 inter
1413 2033 1548 2053 muscos
1574 2021 1757 2066 erigentes:
1782 2019 1882 2053 {hallo
1910 2019 2110 2067 primordiali
2138 2019 2198 2054 de-

587 2087 729 2120 structo,
768 2079 799 2113 lii
828 2079 949 2113 surculi
974 2079 1092 2113 thallos
1116 2084 1248 2113 erectos
1279 2077 1344 2112 fere
1373 2078 1537 2124 palmares
1566 2078 1889 2126 sulphureo-flavos,
1910 2078 1949 2112 ad
1977 2079 2069 2112 basin
2097 2078 2198 2113 flave-

587 2140 896 2179 scenti—brunneos‚
924 2138 1118 2185 saepissime
1144 2137 1421 2184 simpliciusculos
1444 2137 1602 2178 efficiunt,
1631 2151 1717 2171 nunc
1745 2143 1854 2172 tamen
1882 2150 2006 2172 ramum
2026 2150 2124 2171 unum
2144 2137 2197 2172 vel

584 2200 719 2234 alterum
748 2198 849 2233 edunt
876 2203 930 2231 aut
952 2196 1065 2231 l'urcati
1093 2202 1237 2237 exstant,
1267 2195 1445 2236 interdum,
1475 2209 1536 2231 nec
1562 2210 1627 2230 non
1648 2197 1798 2244 apicibus
1820 2207 1897 2229 casu
1923 2196 2061 2235 excisis,
2085 2208 2193 2229 ramu-

588 2258 606 2292 li
635 2263 833 2292 excrescunt
861 2256 994 2304 podetia
1033 2256 1267 2302 Cenomycium
1293 2255 1495 2302 quarundam
1524 2256 1721 2290 simulantes.
1749 2253 1888 2288 Thallus
1906 2254 2197 2293 membranaceus,

587 2323 682 2351 extus
708 2315 950 2355 nitidius-culus,
976 2313 1129 2349 obsolete
1156 2315 1349 2355 lacunosus,
1377 2327 1479 2360 saepe
1509 2315 1638 2361 punctis
1666 2314 1811 2348 obscure
1835 2313 2196 2347 brunnescenti-rubris

585 2375 783 2415 maculatus,
806 2375 891 2408 intus
920 2373 1155 2413 laeviusculus,
1183 2373 1409 2409 niveo-albus,
1437 2385 1581 2419 opacus,
1609 2373 1737 2419 absque
1764 2372 1883 2418 septis;
1912 2384 1998 2405 nunc.
2022 2372 2195 2418 integerri-

587 2448 677 2475 mus,
716 2447 802 2468 nunc
840 2446 905 2468 uno
943 2433 995 2466 vel
1022 2432 1124 2467 altero
1151 2432 1307 2466 foramine
1329 2432 1525 2479 perforatus.
1580 2430 1806 2477 Apotheciuin
1836 2443 1854 2464 e
1883 2430 1996 2464 lamina
2029 2430 2195 2477 proligera

587 2494 681 2542 plana
709 2492 808 2527 nitida
833 2498 1005 2527 castaneo-
1034 2491 1085 2526 vel
1110 2491 1429 2538 hepatico-brunnea
1456 2491 1487 2525 in
1515 2491 1609 2538 apice
1636 2489 1715 2523 rami
1744 2490 1869 2535 posita,
1894 2490 2108 2536 margiueque
2133 2490 2195 2523 ob-

587 2552 746 2587 soletiore
776 2551 1010 2585 subcrenulato
1039 2563 1057 2585 e
1086 2550 1184 2584 tliallo
1213 2557 1389 2597 corrugalo
1418 2549 1504 2583 sacto
1530 2550 1653 2588 cincta,
1680 2548 1863 2582 formatum.
1919 2546 2122 2582 Humiditate
2151 2549 2195 2582 la-

587 2613 671 2645 mina
698 2611 862 2658 proligera
890 2609 1111 2644 melleo-flava
1140 2607 1204 2643 fit.’'
1248 2630 1292 2635 —
1334 2607 1552 2643 Accuratiore
1583 2606 1690 2642 studio
1721 2620 1817 2654 quani
1846 2607 1985 2640 maxime
2008 2613 2058 2641 est
2082 2607 2195 2654 iligna,

585 2676 619 2706 ut
644 2682 760 2705 omnes
787 2669 911 2704 formae
940 2669 1002 2703 sub
1029 2681 1152 2715 genere
1181 2666 1424 2714 ’'D2ff0217·eae'⁷
1449 2668 1490 2702 ab
1519 2667 1709 2701 auctoribus
1738 2664 2010 2713 comprehensae.
