2379 3188
1645 255 1726 297 189

314 368 536 416 Acarospora
567 368 704 400 cervina
731 361 860 399 Mass.
886 362 1009 398 Sched.
1038 364 1107 398 crit.
1135 376 1168 410 p.
1201 362 1271 398 155
1300 376 1330 411 p.
1362 376 1395 410 p.
1419 364 1501 409 (sec.
1531 362 1704 410 Koerb.)

312 436 534 483 Acarospora
558 440 721 467 castanea
742 429 898 466 Koerb.
926 429 991 477 Pg.
1018 444 1050 479 p.
1071 429 1129 465 58.

307 502 401 538 Exs.
454 500 577 548 Hepp
613 514 643 535 n.
669 498 727 533 58.
761 517 804 524 —-
836 497 967 533 Rbnh.
995 512 1025 532 n.
1055 497 1109 533 75.

300 585 337 620 In
379 583 527 632 rupibus
569 581 740 618 calcareis
767 580 1012 617 Nordlandiae
1042 580 1287 617 meridionalis
1312 584 1365 616 sat
1390 579 1562 629 frequens
1587 583 1776 633 (Smrft.)

309 651 355 687 Ut
380 654 511 699 jamjam
541 651 647 692 attuli,
671 664 688 685 a
714 652 825 700 priore
859 652 911 685 vix
937 651 996 685 nisi
1026 651 1134 699 sporis
1166 650 1267 684 multo
1297 649 1479 695 majoribus
1514 656 1582 684 tute
1611 652 1779 699 dignosci-

160 719 218 754 tur,
263 724 363 760 quare
401 724 520 745 nomen
555 711 816 758 antiquissimum
852 709 1065 759 Heppianum
1094 710 1223 758 recepi,
1248 709 1309 743 etsi
1337 710 1468 743 mininie
1492 710 1694 757 incognitum
1713 720 1782 751 est,

161 772 204 806 A.
239 769 408 817 glebosam
448 769 600 804 Koerb.
645 782 820 817 sperarum
865 769 1088 816 magnitudine
1138 769 1347 803 antecellere.
1420 767 1482 802 Jus
1519 771 1695 818 prioritatis
1733 779 1779 805 ta-

162 844 234 866 men
279 831 410 876 majoris
444 835 494 863 est
535 829 707 869 momenti,
745 841 843 875 quain
878 841 997 863 nomen
1032 829 1105 877 plus
1133 829 1238 862 minus
1269 829 1512 877 expressivum.
1549 851 1585 855 —
1620 829 1703 865 Asci
1730 832 1777 865 in-

160 889 386 930 flato-clavati,
402 887 607 937 paraphyses
626 886 813 928 lilil'ornies,
841 887 1076 928 cohaerentes,
1105 888 1198 936 apice
1222 886 1466 924 l'uscescentes:
1490 902 1780 937 sporaenmnero-

160 950 323 990 sissimae,
357 946 760 996 ellipsoideo-oblongae‚
795 947 979 995 simplices,
1014 947 1325 995 luteolo-liyalinae,
1354 948 1524 987 Qum-11
1557 962 1631 983 mn„
1661 950 1780 996 longae

160 1017 192 1043 et
218 1012 308 1049 0,005
348 1020 422 1040 mm.
458 1006 549 1040 latae.

309 1091 340 1125 3.
396 1091 438 1124 A.
462 1090 661 1138 polycarpus
690 1101 722 1124 n.
751 1101 824 1137 sp:
855 1088 962 1124 thallo
983 1089 1409 1139 cartilaginesi—tartareo,
1431 1089 1783 1133 sub1·0su1at0,cen-

164 1156 217 1184 tro
253 1148 593 1184 diffracto-areolam
622 1148 641 1184 l.
669 1160 888 1190 verrucoso,
926 1148 1059 1183 ambitu
1095 1148 1421 1187 laciniam-lebate,
1452 1149 1544 1185 lobis
1578 1150 1780 1199 subplanis,

161 1208 369 1250 latiusculis‚
399 1207 553 1249 obtusis,
585 1219 691 1255 parce
704 1207 1009 1249 sinuato-Iobatis,
1033 1209 1171 1256 opacis,
1188 1208 1784 1247 cinerascenti·l.fusco-olivaceis

159 1268 178 1303 l.
208 1267 317 1302 farina
347 1266 425 1314 plus
452 1267 569 1301 minus
596 1266 728 1308 densa,
759 1267 1006 1302 cinerascente
1034 1267 1198 1302 albium-e
1228 1267 1488 1308 tectis‚sul›tus
1506 1268 1654 1303 sordide
1675 1270 1782 1306 albis:

161 1325 356 1374 apotheciis
393 1325 612 1366 numerosis,
650 1325 837 1368 confertis,
864 1326 1027 1374 primitus
1052 1326 1246 1367 immersis,
1277 1326 1359 1361 (lein
1389 1326 1552 1368 elevatis,
1581 1328 1783 1365 subsessili-

163 1385 244 1428 bus,
274 1388 478 1420 constanter
505 1384 635 1433 planis,
669 1384 770 1420 disco
804 1384 1125 1433 fusco-nigricante
1155 1384 1321 1431 (humido
1350 1384 1507 1420 obscure
1542 1386 1782 1438 rufescentc),

162 1444 319 1494 margine
345 1443 493 1492 proprio
518 1443 616 1478 tenui
643 1443 784 1478 elevato
809 1449 843 1479 et
871 1443 1028 1479 thallode
1054 1444 1306 1493 integerrimo,
1335 1443 1456 1479 albido
1479 1444 1498 1479 l.
1519 1444 1782 1490 cinerescente,

160 1503 274 1545 tenui,
303 1502 442 1538 elevato
471 1502 705 1550 persistenter
742 1502 869 1537 cincto.

294 1571 333 1606 In
366 1569 516 1618 rupibus
548 1570 679 1606 montis
708 1569 920 1617 Stortjeldet
947 1582 1063 1619 prope
1100 1569 1352 1605 Mortensnaes
1378 1571 1605 1608 Finmark-iae
1631 1573 1785 1609 orienta-

159 1629 200 1665 lis
237 1629 386 1678 parcius,

311 1706 453 1754 Species
497 1707 622 1753 optime
665 1706 835 1748 distincta,
873 1706 985 1742 habitu
1010 1707 1216 1741 Placocle'mn
1243 1713 1450 1742 circinatum
1476 1716 1509 1743 et
1537 1709 1787 1756 quodammodo

160 1765 255 1798 etiam
298 1765 533 1800 Dlmelaemzm
568 1764 753 1800 nimbosam
787 1765 945 1801 reserens.
998 1765 1121 1801 Pruina
1156 1782 1181 1801 s.
1213 1767 1310 1800 sarina
1340 1767 1425 1801 thalli
1455 1774 1487 1803 et
1516 1768 1610 1803 adest
1626 1775 1657 1803 et
1674 1768 1786 1810 ‹leest3

164 1825 342 1871 praecipue
384 1824 548 1859 invenitur
584 1826 614 1859 in
653 1825 740 1860 lobis
781 1825 1019 1874 peripheriris,
1058 1826 1116 1860 setl
1152 1826 1316 1860 interdum
1353 1833 1455 1861 totum
1486 1827 1617 1861 thallum
1646 1830 1727 1875 tegit
1755 1836 1787 1863 et

161 1883 408 1931 apotheciorum
435 1884 563 1918 (liscum
587 1884 743 1924 ob<lucit3
771 1898 874 1932 saepe
899 1898 963 1918 non
993 1891 1043 1919 est
1069 1887 1224 1933 contigua
1264 1886 1323 1920 sed
1353 1887 1445 1933 quasi
1476 1887 1594 1920 rimosa
1626 1887 1642 1921 l.
1671 1901 1786 1922 verru-

161 1955 249 1977 cosa.
304 1942 492 1992 Apothecia
516 1943 718 1978 Lecanorae
744 1942 931 1990 subfuscae
955 1945 1150 1985 subsimilia‚
1183 1946 1379 1979 orbicularia
1409 1946 1427 1979 l.
1458 1959 1494 1980 se
1519 1946 1658 1979 invicem
1691 1959 1782 1980 com-

162 2002 333 2048 primendo
373 2003 539 2050 angulata,
582 2004 739 2050 pruinosa
767 2003 784 2037 l.
818 2002 921 2044 nuda,
960 2004 1106 2038 conferta
1157 2011 1188 2038 et
1228 2006 1332 2051 inagis
1384 2005 1527 2046 elevata,
1568 2018 1665 2052 quam
1696 2006 1783 2054 apiul

163 2067 289 2096 ceteras
325 2061 422 2108 hujus
453 2063 584 2109 generis
611 2063 759 2111 speciem
786 2062 952 2096 interdum
981 2070 1089 2098 tamen
1116 2064 1324 2098 inveniuntur
1364 2064 1540 2103 difformia,
1583 2064 1681 2098 tliallo
1722 2067 1782 2099 im—

162 2132 283 2162 mersa,
310 2122 447 2168 vestigia
476 2128 564 2155 certa
592 2123 847 2156 monstrositatis
876 2122 959 2157 illius
990 2123 1220 2171 gly[·›liil'oi·1nis
1252 2136 1350 2171 supra
1382 2130 1662 2157 conmieuioratae
1688 2137 1784 2172 prae-

165 2179 288 2219 bentia,
328 2192 428 2227 quare
456 2180 551 2226 (alias
588 2193 706 2216 causas
734 2187 767 2215 ut
794 2186 937 2227 taceam)
970 2182 1052 2217 haec
1071 2183 1203 2231 species
1225 2185 1364 2217 maxime
1392 2183 1495 2216 al'linis
1522 2182 1565 2216 Λ.
1597 2183 1784 2229 rhagadio-

164 2251 220 2271 sae
256 2245 305 2272 est
346 2239 523 2274 censenda.
555 2261 601 2265 —
627 2241 710 2274 Asci
737 2240 872 2281 clavati,
904 2242 1032 2282 numni,
1063 2242 1268 2290 parapliyses
1298 2242 1559 2289 conglutinatae,
1595 2244 1689 2291 apice
1735 2243 1782 2276 l'u-

168 2296 535 2338 scidulo-rul'escentes·,
563 2311 684 2347 sperae
710 2312 925 2340 numerosae,
953 2302 1140 2335 atomariae.

315 2381 346 2415 4.
398 2382 442 2416 A.
480 2382 685 2430 pelis-emma
721 2382 927 2432 (anbg.):
972 2382 1079 2419 thallo
1122 2383 1560 2432 coriaceo-cartilagineo,
1600 2384 1780 2419 areolato-

169 2438 417 2484 squamuloso,
448 2440 575 2482 nitido,
605 2439 713 2475 dilute
742 2446 928 2484 castaneo,
957 2442 1083 2479 subtus
1107 2443 1319 2492 nigricante,
1348 2442 1543 2492 squamulis
1572 2442 1786 2491 plano-con-

171 2496 288 2537 vexis,
323 2497 531 2540 imbricatis,
561 2499 730 2541 cre11atis;
761 2499 958 2548 apotheciis
986 2502 1208 2549 majusculis,
1229 2503 1382 2550 primum
1400 2502 1578 2537 immersis
1592 2500 1784 2536 etathallo

170 2554 386 2603 marginatis,
425 2557 508 2593 dein
545 2558 848 2606 superficialibus,
882 2559 983 2595 disco
1016 2561 1236 2603 fusco-rufo,
1266 2561 1481 2609 epruinoso,
1512 2572 1577 2607 per
1605 2559 1783 2607 prolifica-

1553 2618 1599 2652 24
1621 2628 1635 2651 b
