2379 3188
614 280 694 321 122

557 390 683 436 itaque,
709 386 832 434 legenti
858 385 885 420 si
924 383 1099 432 placuerit,
1129 384 1314 430 computari
1352 383 1489 430 poterit,
1514 386 1596 429 quot
1622 381 1652 415 in
1681 392 1817 428 quoque
1846 379 1921 414 loco
1950 379 2084 426 species
2109 379 2172 413 sint

558 449 767 483 observatae.
820 442 945 492 Neque
983 449 1050 477 tum
1091 455 1167 477 eum
1192 442 1310 489 fugiet,
1338 441 1498 489 permulta
1526 439 1776 488 Lapponiarum
1805 436 1965 478 Sueciae,
1991 436 2172 473 Kemensis

558 513 657 555 atque
696 504 880 544 Rossicae,
917 508 1023 537 terrae
1054 500 1331 547 Samojedorum,
1356 499 1518 535 Islandiae
1539 500 1717 547 cognitioni
1733 500 1919 534 etiamnunc
1946 496 2084 537 deesse;
2111 496 2171 532 sed

557 567 654 601 etiam
681 565 713 599 in
739 561 962 603 Nordlandia‚
989 568 1128 608 utraque
1153 558 1184 594 F
1187 559 1358 600 inmarkia‚
1389 557 1613 594 Groenlandia
1635 558 1817 606 insulisque
1834 555 2173 604 Spitsbergensibus,

558 624 745 672 diligentius
773 635 835 671 pro
862 622 988 656 ratione
1017 620 1197 667 exploratis
1225 619 1478 666 accuratiusque
1507 618 1666 664 cognitis,
1696 630 1762 652 uon
1786 617 1926 663 exiguus
1954 615 2042 650 haud
2072 616 2173 650 dubie

558 685 746 732 specierum
768 680 912 728 jamdum
939 679 1179 726 incognitarum
1208 677 1286 712 latet
1312 690 1478 712 numerus.
1514 675 1663 724 Ingenue
1679 676 1794 716 fateor,
1823 675 1947 723 pluries
1970 674 2045 709 mihi
2061 688 2172 709 exem-

557 743 658 791 plaria
688 742 739 777 his
765 741 847 775 locis
876 739 1015 774 collecta
1042 738 1238 773 examinanti
1271 757 1308 762 —
1341 737 1372 770 in
1397 737 1534 784 quibus,
1561 741 1597 770 ut
1624 747 1727 782 saepe
1755 734 1807 774 fit,
1836 746 1901 768 non
1927 735 2046 769 mixtae
2061 733 2174 773 modo,

557 801 619 838 sed
655 802 735 836 aliae
771 800 867 834 etiam
905 810 1007 845 super
1034 797 1113 831 alias
1144 801 1362 831 coacervatae
1389 795 1580 843 complures
1607 794 1740 841 species
1767 793 1989 828 nascebantur
2015 814 2061 819 ——
2090 806 2172 840 apo-

558 862 664 897 thecia
706 859 911 899 occurrisse,
951 869 1093 905 quorum
1138 861 1300 890 structura
1328 856 1451 889 interna
1477 855 1555 889 satis
1581 866 1751 901 superque
1779 854 1939 900 arguerit,
1965 851 2041 886 mihi
2070 853 2173 886 omni·

557 922 689 967 busque
717 918 857 952 fortasse
886 915 1104 962 lichenologis
1137 915 1378 962 incognitarum
1419 927 1494 948 esse
1529 914 1732 960 specierum:
1761 925 1898 960 quarum
1929 918 2036 945 tamen
2065 911 2175 945 deter-

557 980 767 1014 minationem
795 977 904 1011 futuro
934 975 1047 1022 coegit
1071 974 1255 1009 necessitas
1284 974 1423 1008 examini
1449 972 1579 1008 differre
1603 978 1702 1020 atque
1732 971 1976 1006 commendare.
2000 993 2041 997 —
2070 969 2175 1005 Laeta

556 1044 678 1074 memet
723 1038 832 1084 ipsum
872 1040 961 1069 tenet
994 1047 1074 1082 spes
1116 1033 1346 1067 amoenissima
1385 1033 1437 1067 illa
1478 1033 1549 1066 loca
1583 1032 1700 1066 iterum
1741 1030 1960 1066 obeundi-
2000 1043 2063 1064 nec
2090 1029 2174 1064 affir—

557 1110 646 1132 mare
675 1096 801 1136 dubito,
827 1095 1035 1141 cuicumque,
1067 1092 1154 1128 idem
1189 1093 1369 1140 spectanti,
1391 1092 1623 1141 hyperboreas
1655 1090 1713 1125 has
1741 1092 1895 1137 regiones
1923 1089 2013 1124 adire
2039 1089 2175 1136 placue-

558 1158 611 1197 rit,
653 1167 794 1190 necesse
829 1154 874 1193 ei,
904 1152 1118 1187 admiratione
1147 1158 1246 1199 capto
1274 1158 1372 1199 atque
1399 1151 1509 1199 gaudii
1545 1150 1734 1190 dulcedine,
1776 1149 1846 1184 sore
1873 1149 2097 1184 conclamare:
2144 1154 2176 1183 et

557 1218 586 1250 in
612 1215 720 1249 ultima
747 1212 858 1247 Thule

879 1281 961 1329 ”per
990 1282 1067 1328 juga
1098 1294 1159 1328 per
1186 1281 1288 1315 valles
1314 1280 1489 1315 lectissima
1516 1278 1630 1328 pandit
1657 1279 1795 1313 alumnis

877 1352 1011 1376 munera
1039 1338 1141 1374 Flora
1168 1339 1269 1374 suis!''
1297 1360 1341 1365 —
