2379 3188
560 271 620 311 50

504 378 554 412 La
582 377 640 425 fig.
688 376 720 410 5.
754 376 926 423 Coupure
960 375 1200 411 transversale
1226 375 1272 411 de
1298 375 1506 424 l'ephippie‚
1536 379 1794 424 appartenante
1825 376 1844 411 a
1868 377 1915 411 D.
1949 388 2090 422 magna.

522 464 540 477 „
577 435 636 483 fig.
691 435 723 469 6.
754 435 927 482 Coupure
968 433 1014 469 de
1055 433 1142 483 long
1183 433 1229 469 de
1266 435 1386 470 meme
1423 433 1608 483 ephippie:
1648 438 1767 470 toutes
1790 433 1843 469 les
1871 433 1970 470 deux
1999 445 2043 469 au
2070 438 2139 469 test

757 492 940 529 interieur.

523 583 540 594 ‚,
578 554 636 602 fig.
694 552 726 588 7.
756 550 964 600 L'ephippie
993 550 1039 585 de
1071 550 1115 585 D.
1141 552 1264 599 palea:

522 641 540 653 ‚‚
578 611 636 657 fig.
693 611 726 646 8.
757 611 932 658 Coupure
958 609 1199 644 transversale
1271 609 1317 644 de
1346 607 1536 657 l'ephippie
1564 608 1804 657 precedente,
1835 608 1926 644 l'une
1954 613 1988 644 et
2017 608 2138 644 l‘autre

523 700 540 711 ,,
579 658 637 719 fig.
694 670 726 704 9.
842 697 859 709 „
966 667 1012 702 de
1037 666 1125 716 long
1271 679 1355 703 sans
1384 672 1452 703 test
1479 667 1662 703 interieur.

522 758 540 770 ‚,
579 728 637 777 fig.
673 729 728 762 10.

523 816 541 828 „
579 787 638 835 fig.
674 788 725 821 11.

523 873 541 886 ,.
578 846 636 893 fig.
670 845 724 879 12.
779 844 829 880 La
857 844 969 893 partie
998 844 1087 880 mise
1116 849 1217 881 entre
1247 845 1364 893 points
1390 845 1436 881 de
1465 845 1496 881 la
1529 846 1644 894 figure
1670 843 1904 893 precedente.

522 932 539 944 ‚,
578 903 635 948 fig.
672 903 726 938 13.
785 904 957 952 Coupure
993 903 1232 940 transversale
1274 904 1319 938 de
1361 903 1550 953 l'ephippie
1594 903 1640 938 de
1686 904 1728 938 D.
1771 909 1874 944 sima,
1903 915 1946 937 au
1983 907 2051 937 test
2086 902 2138 937 in-

779 963 923 998 terieur.

604 1033 636 1068 g.
671 1022 725 1056 14.
780 1022 951 1070 (ἶουρυνθ
976 1022 1023 1058 (le
1047 1021 1134 1070 long
1162 1021 1208 1056 (le
1238 1021 1356 1056 meme
1383 1019 1568 1068 ephippie,
1598 1033 1680 1057 sans
1705 1025 1772 1056 test
1805 1019 1988 1056 interieur.

747 734 861 832 ἔθεε
888 759 1077 808 ephippies
1105 760 1151 796 de
1181 762 1227 795 D.
1257 767 1354 796 simu.

522 1050 540 1062 ‚‚
579 1022 600 1056 fi
