2379 3188
630 262 717 305 190

575 371 710 407 tionem
738 367 916 405 lirellae-l.
943 366 1267 418 papillae-formem
1296 366 1394 403 varie
1422 379 1576 416 rugoso,
1602 367 1764 415 margine
1777 365 2196 416 composito‚crenulato

573 437 609 468 et
645 430 808 470 flexoso‚
842 427 999 469 elevato,
1036 427 1265 475 persistente;
1299 426 1416 475 sporis
1452 425 1705 462 minutissimis.

723 496 805 545 Syn.
834 496 1012 530 Par-melia
1032 495 1238 544 peliscyplza
1262 493 1411 542 Wnbg.
1440 496 1471 529 in
1496 494 1598 529 Aeli.
1629 493 1738 529 Meth.
1768 493 1889 542 Suppl.
1921 508 1952 542 p.
1990 494 2047 529 41.

725 564 910 599 Lecanora
938 562 1041 598 badia
1068 580 1095 597 a.
1127 570 1159 597 et
1185 570 1213 608 (ἐ.
1243 562 1342 597 Ach.
1372 561 1472 598 Univ.
1501 576 1533 610 p.
1560 562 1632 597 407
1662 563 1711 609 (p.
1737 563 1798 610 p.).

725 630 853 665 Lichen
890 636 1044 665 cervinus
1089 629 1239 677 Wnbg.
1277 628 1384 678 Lapp.
1423 643 1455 677 p.
1491 629 1576 664 421.
1604 650 1643 656 —
1675 629 1859 664 Lecanora
1902 628 2002 664 Aah.
2041 627 2124 677 Syn.
2166 642 2196 675 p.

633 692 702 726 189
730 695 776 739 (p.
800 693 861 737 μ).

725 759 906 793 Lecmmra
934 761 1069 790 cervina
1097 758 1124 789 δ.
1152 755 1355 802 qsfigurata
1382 753 1520 789 Smrl't.
1551 753 1671 801 Suppl.
1694 767 1726 802 p.
1751 753 1830 789 107.

722 825 899 860 Parmelia
926 828 1062 857 cervina
1091 820 1124 856 l).
1154 822 1371 869 squamnlosa
1400 821 1463 856 Fr.
1491 821 1528 856 L.
1559 821 1600 856 E.
1632 835 1663 869 p.
1695 821 1765 857 127
1794 822 1843 869 (p.
1870 823 1931 869 p.).

723 894 945 939 Avares-pora
968 890 1136 935 rugulam
1168 888 1321 924 Koerb.
1351 887 1417 937 Pg.
1447 903 1479 937 p.
1506 889 1579 923 59?

724 965 762 999 In
795 961 972 1010 lapidibus
998 960 1104 995 siccis
1139 960 1317 1001 ventosis,
1346 960 1541 1008 praecipue
1569 972 1676 996 secus
1704 972 1787 995 oras
1814 959 2024 1000 maritimas,
2053 971 2118 1006 per
2143 971 2199 994 re—

574 1027 719 1071 gionem
761 1020 1056 1057 Scandinavicam
1086 1019 1233 1067 passum
1274 1023 1463 1068 praeterea
1503 1017 1696 1054 observata
1719 1019 1755 1054 in
1789 1018 1978 1067 Lapponia
2013 1017 2198 1067 (Wnbg.)

574 1090 607 1120 ct
636 1080 883 1118 Groenlandia
902 1079 1029 1114 orient.
1060 1083 1095 1114 et
1126 1078 1304 1114 occident.
1337 1077 1469 1126 passim
1499 1090 1614 1126 usque
1645 1078 1689 1113 ad
1717 1077 1947 1114 Jacobshavn
1974 1082 2009 1124 (a
2040 1090 2139 1113 mare
2154 1077 2200 1113 ad

577 1146 645 1178 100
673 1141 754 1189 ped.
784 1139 859 1174 alt:
889 1139 917 1174 J.
957 1137 1099 1183 Vahl).

722 1208 818 1243 Haec
859 1214 908 1242 est
944 1208 1096 1254 primaria
1133 1213 1164 1241 et
1200 1220 1276 1240 vera
1321 1206 1440 1240 Parm.
1465 1204 1671 1254 peliscyplta
1699 1203 1853 1252 Wnbg.
1883 1205 2068 1240 secundum
2093 1207 2198 1254 ipsius

574 1271 779 1309 herbarium,
821 1280 918 1314 quam
956 1273 1073 1314 postea
1101 1266 1294 1300 auctoritate
1325 1264 1399 1299 Cel.
1431 1264 1459 1299 A
1473 1264 1604 1299 ellarii
1633 1271 1820 1299 commotus
1848 1278 1910 1312 pro
1938 1264 2036 1298 Lich.
2067 1270 2200 1299 cervino

573 1329 689 1364 Pers.
724 1334 756 1362 et
785 1327 826 1361 L.
862 1326 1074 1374 sqmmculoso
1112 1324 1286 1359 Scbrad.
1322 1324 1444 1359 habuit.
1498 1323 1591 1358 Num
1628 1324 1785 1358 erraverit
1812 1337 1935 1365 necne,
1962 1325 2201 1371 speciminibus

574 1388 789 1436 originalibus
831 1386 1023 1420 examinatis
1063 1384 1292 1418 tantummodo
1329 1389 1444 1431 potest
1480 1382 1633 1418 discerni.
1687 1381 1910 1432 Synonymon
1940 1381 2081 1417 Smrst.
2122 1384 2199 1418 alla—

575 1455 641 1482 tuin
668 1453 757 1481 certe
786 1446 848 1479 buc
877 1446 1034 1492 pertinet,
1061 1444 1121 1478 etsi
1148 1443 1330 1490 descriptio
1359 1448 1481 1477 tantum
1510 1443 1692 1490 specimina
1720 1442 1819 1476 thallo
1846 1442 1932 1477 bene
1960 1442 2096 1476 evoluto
2114 1454 2199 1490 apo-

581 1507 765 1552 tlieciisque
795 1506 925 1539 minutis
951 1506 1032 1548 (non
1060 1502 1196 1550 adultis)
1222 1504 1368 1550 respicit.
1398 1522 1443 1527 —
1472 1501 1593 1536 Thallo
1624 1501 1743 1543 nitido,
1766 1501 1981 1549 squamuloso
2011 1507 2043 1536 et
2058 1501 2198 1549 apothe-

578 1567 636 1600 ciis
659 1566 790 1612 rugosis
821 1564 913 1598 sat-ile
942 1563 1094 1598 distincta
1122 1564 1275 1609 species,
1302 1563 1327 1596 si
1356 1562 1479 1596 formas
1508 1562 1740 1596 minutissimas
1766 1562 1913 1609 excipias
1942 1560 2088 1595 nondum
2118 1574 2199 1595 evo-

576 1626 676 1665 lutas,
706 1638 791 1671 quae
824 1623 864 1657 ml
893 1624 935 1657 Α.
973 1622 1237 1667 svmragdulam
1266 1621 1409 1655 nonnihil
1427 1627 1579 1668 vergunt.
1634 1619 1760 1655 Habitu
1783 1618 2199 1654 Leccmommbadmmiu

576 1685 767 1719 memoriani
806 1683 884 1716 satis
919 1689 1063 1715 revocat.
1120 1681 1202 1716 Asci
1237 1681 1398 1727 elongati,
1433 1680 1567 1721 clavati,
1595 1679 1804 1728 paraphyses
1828 1679 2013 1720 filisormes‚
2041 1679 2113 1713 laxe
2142 1692 2200 1714 co-

574 1744 764 1781 haerentes,
809 1742 903 1788 apice
945 1742 1145 1775 incrassatae
1171 1747 1203 1775 et
1232 1740 1477 1775 fuscescentes:
1506 1751 1628 1786 sporae
1657 1739 1907 1780 minutissimae,
1937 1737 2122 1785 simplices,
2152 1738 2200 1772 lu-

575 1802 698 1842 teolae,
726 1806 865 1847 anguste
895 1799 1078 1846 oblongae,
1107 1800 1259 1839 Quoi—5
1289 1813 1364 1833 mni.
1395 1799 1514 1846 longae
1543 1804 1575 1833 et
1603 1797 1699 1832 diam.
1731 1797 1887 1846 3-4plo
1917 1797 2098 1845 longiores.

724 1895 757 1919 ε).
813 1884 856 1918 Α.
884 1883 1087 1928 hadiqfiasca
1127 1882 1173 1928 (N
1184 1882 1271 1929 yl.);
1299 1881 1406 1918 thallo
1438 1886 1611 1920 tartareo,
1638 1880 2037 1922 verrucoso-areolato,
2066 1880 2198 1917 areolis

576 1943 769 1983 convexis,
815 1941 1057 1980 ditlorniibus,
1099 1941 1261 1976 discretis
1288 1942 1306 1976 Ι.
1336 1941 1617 1982 continentibus,
1653 1939 1850 1989 rugulaeis,
1885 1939 1995 1976 fuscis
2021 1940 2040 1975 l.
2072 1940 2198 1975 badio-

576 2003 698 2043 fuscis,
724 2001 894 2041 nitidulis3
922 1999 1120 2049 apotlieciis
1148 1999 1411 2041 mediocribus,
1441 2000 1557 2049 primo
1574 1999 1768 2040 immersis,
1793 1998 1875 2034 dein
1896 1999 2199 2048 superficialibus,

575 2060 841 2101 scutellaribus,
866 2059 966 2095 disco
995 2059 1119 2107 plano,
1151 2057 1272 2107 nigro,
1302 2072 1435 2107 opaco,
1465 2059 1626 2109 margine
1653 2057 1810 2095 thallode
1840 2058 2034 2100 tumidulo,
2052 2058 2197 2094 demum

576 2124 772 2156 extenuato
804 2124 838 2154 et
866 2118 940 2154 fere
972 2122 1216 2153 evanescente
1245 2116 1379 2159 cincto;
1405 2117 1523 2165 sporis
1550 2116 1801 2153 minutissimis.

724 2191 828 2240 Syn.
884 2192 1069 2226 Lecmzora
1095 2190 1301 2236 hadiqfuscu,
1328 2188 1420 2238 Nyl.
1448 2189 1554 2225 Herb.
1582 2189 1675 2225 qus.
1704 2189 1809 2224 Fenn.
1836 2202 1868 2236 p.
1906 2189 1986 2223 110.

729 2259 788 2293 Ad
817 2270 906 2293 saxa
933 2257 1103 2307 granitica
1130 2269 1244 2305 prope
1273 2256 1382 2292 Enari
1408 2257 1617 2305 Lapponiae
1645 2254 1840 2291 Kemensis
1868 2256 1927 2303 (E.
1955 2253 2078 2303 Nyl.).

729 2326 838 2361 Priori
869 2327 991 2367 affinis,
1020 2325 1079 2361 sed
1111 2329 1240 2360 crustae
1275 2325 1597 2372 apotbeciorumque
1624 2324 1733 2358 indole
1759 2322 1922 2358 recedens
1956 2329 1988 2357 et
2021 2322 2116 2358 facile
2133 2336 2194 2370 pro

576 2385 778 2419 Lecanorne
811 2384 931 2419 hadme
957 2386 1060 2420 forma
1086 2384 1254 2426 habenda,
1285 2385 1345 2418 nisi
1374 2390 1535 2419 structura
1560 2385 1684 2417 interna
1713 2383 1846 2416 omnino
1879 2382 2033 2417 differret.
2075 2380 2195 2416 Crusta

577 2446 681 2492 magis
725 2451 777 2479 est
809 2457 988 2478 verrucosa
1018 2458 1115 2491 quain
1143 2457 1378 2491 conge-nerum.
1431 2441 1648 2491 Paraphyses
1677 2441 1929 2481 validiusculae,
1961 2440 2198 2481 cohaerentes,

577 2504 672 2550 apice
705 2504 949 2543 luscescentem
977 2506 1044 2538 asci
1073 2504 1150 2544 rari,
1181 2503 1320 2551 ‘'sporae
1346 2501 1558 2549 ellipsoidae,
1584 2500 1847 2547 mimitae,long.
1865 2500 1956 2541 O‚00.'÷
1987 2514 2072 2541 mm„
2093 2513 2195 2535 crass.

577 2563 772 2602 Quom-25>
802 2561 897 2596 inin.''
954 2561 1011 2597 Ob
1041 2576 1176 2609 parvam
1203 2563 1420 2610 spe-ciminum
1449 2561 1513 2596 hue
1544 2573 1650 2608 usque
1666 2560 1883 2595 collectorum
1901 2560 2032 2607 copiam
2052 2558 2198 2594 nondum

578 2622 686 2655 l'orsan
716 2623 773 2655 rite
810 2623 942 2668 cognita
968 2623 1111 2668 species.
