2379 3188
554 255 845 294 STJERNELD
875 256 1065 304 (Gustavus
1093 256 1170 293 Nic.
1196 256 1371 306 Algernon
1401 257 1503 300 Ada,
1529 257 1606 295 Lib.
1634 258 1746 302 Bam,
1773 274 1792 296 e
1818 260 1929 309 Regni
1952 260 2159 298 Proceribus

652 330 752 358 unus,
782 315 910 352 Rerum
946 323 1153 352 externarum
1182 330 1209 351 a.
1236 317 1266 351 h.
1296 316 1453 353 Minister
1479 317 1595 354 Status
1623 332 1815 367 supremus,
1843 319 2028 368 Regiorum
2058 320 2159 356 Ordi-

651 388 728 410 num
753 375 870 424 Eques
903 382 935 411 et
970 374 1240 418 Commendator,
1267 375 1353 424 Reg.
1385 375 1469 412 Ord.
1498 377 1539 413 de
1569 377 1603 412 S.
1637 377 1746 412 Olavo
1775 392 1849 413 cum
1878 379 2044 426 grandiori
2074 379 2159 415 Cru-

652 436 699 470 cis
725 435 843 481 insigni
872 434 1141 475 commendator,
1165 433 1254 482 Reg.
1282 434 1366 470 Ord.
1393 435 1604 484 Elephantini
1631 435 1765 484 Eques,
1792 444 1854 472 etc.

552 493 752 531 SPARRE
782 492 971 540 (Gustavus
1002 493 1213 541 Adolphus)‚
1243 493 1388 536 Comes,
1416 508 1434 530 e
1462 494 1573 542 Regni
1607 494 1813 530 Proceribus
1846 509 1946 537 unus,
1973 494 2040 530 Rei
2063 494 2158 531 Judi-

653 554 771 589 ciariae
802 565 828 586 a.
866 553 896 586 h.
925 550 1081 587 Minister
1116 551 1233 588 Status
1267 566 1460 601 supremus,
1484 553 1605 589 ‚ludicii
1635 553 1743 589 Aulici
1765 553 1969 588 Holmiensis
1997 553 2157 595 Praeses,

655 611 910 648 Universitatum
948 609 1035 658 Ups.
1070 617 1102 646 et
1138 610 1246 646 Lund.
1290 611 1532 655 Cancellarius,
1562 612 1747 660 Regiorum
1789 612 1952 647 Ordinum
1980 611 2097 660 Eques
2126 620 2156 648 el

653 669 924 712 Commendator,
951 668 1039 717 Reg.
1073 669 1157 705 Ord.
1189 670 1229 706 de
1254 669 1292 705 S.
1325 670 1435 706 Olavo
1463 685 1537 707 eum
1563 672 1729 720 grandiori
1759 671 1878 707 Crucis
1908 673 2024 719 insigni
2053 671 2154 706 Com-

649 730 830 765 mendator.

550 788 773 826 BESKOW
807 786 1007 833 (Bernhard.
1042 790 1140 835 von),
1174 786 1247 822 Lib.
1282 787 1391 829 Baro,
1426 787 1552 824 Philos.
1588 788 1732 830 Doctor,
1769 789 1997 824 Cubicularius
2026 789 2155 838 Regius

649 850 743 897 primi
768 847 905 887 ordinis,
935 845 1139 881 Academiae
1164 845 1337 882 Svecanae
1369 846 1622 882 Octodecimvir
1649 855 1681 884 et
1711 848 1934 889 Secretarius,
1970 847 2153 896 Regiorum

649 906 818 942 Ordinum
845 905 963 953 Eques
992 912 1025 940 et
1052 905 1321 948 Commendator,
1356 906 1441 954 Reg.
1469 906 1552 942 Ord.
1581 907 1622 942 de
1653 907 1850 955 Danebrog.
1878 907 2148 949 Commendator,

650 965 810 1001 officialis
838 964 999 1012 Legionis
1028 963 1187 1000 Honoris.

547 1022 896 1060 REUTERDAHL
926 1022 1143 1071 (Hem-icus),
1177 1023 1298 1059 Theol.
1328 1033 1361 1059 et
1388 1023 1514 1060 Philos.
1543 1024 1685 1067 Doct0r‚
1712 1039 1740 1060 a.
1771 1025 1802 1061 h.
1831 1025 2047 1061 Consiliarius
2076 1025 2152 1061 Sta-

646 1090 714 1125 tus,
748 1083 1036 1130 Archiepiscopus
1070 1089 1102 1117 et
1135 1082 1339 1118 Academiae
1377 1082 1584 1131 Upsaliensis
1619 1083 1921 1126 Procancellarius‚
1950 1085 2151 1120 Academiae

647 1142 822 1178 Svecanae
851 1140 1120 1183 Octodecimvir‚
1147 1140 1333 1189 Regiorum
1363 1142 1526 1177 Ordinum
1557 1142 1750 1178 Membrum
1775 1150 1807 1178 et
1836 1142 2106 1179 Commendator.

546 1191 944 1238 MANDERSTROM
981 1199 1224 1249 (Ludovicus),
1267 1199 1409 1242 Comes,
1451 1215 1469 1237 e
1509 1201 1621 1250 Regni
1658 1201 1864 1237 Proceribus
1894 1216 1994 1244 unus,
2024 1202 2149 1238 Rerum

644 1266 851 1296 externarum
891 1258 1047 1294 Minister
1090 1258 1205 1296 Status
1238 1274 1430 1308 supremus,
1458 1261 1662 1297 Academiae
1689 1260 1863 1296 Svecanae
1891 1261 2151 1303 Octodecimvir,

644 1319 831 1368 Regiorum
861 1318 1025 1354 Ordinum
1052 1317 1170 1366 Eques
1196 1325 1229 1354 et
1259 1318 1531 1361 Commendator,
1564 1318 1676 1368 Regg.
1705 1319 1812 1355 Ordd.
1842 1320 1883 1355 de
1913 1319 1948 1355 S.
1965 1319 2150 1361 Olav0,de

644 1378 860 1426 Danebrog.‚
884 1378 926 1413 de
954 1376 992 1413 S.
1019 1377 1195 1413 Salvatore
1225 1392 1298 1413 cum
1326 1379 1492 1426 grandiori
1521 1378 1640 1414 Crucis
1666 1380 1782 1427 insigni
1799 1378 2068 1421 Commendatm,
2087 1385 2148 1414 etc.

543 1437 779 1474 KRAEMER
812 1436 1004 1479 (Robertus
1035 1436 1239 1472 Fredericus
1277 1441 1374 1483 von),
1409 1437 1482 1473 Lib.
1512 1436 1621 1479 Baro,
1653 1436 1869 1473 Gubernator
1893 1437 2148 1486 Uplandiarum,

643 1497 731 1545 Reg.
763 1496 846 1532 Ord.
889 1496 930 1531 de
973 1495 1073 1531 Stella
1114 1495 1228 1531 Polari
1258 1509 1332 1531 cum
1358 1496 1526 1544 grandiori
1567 1495 1686 1532 Crucis
1724 1499 1842 1546 insigni
1878 1496 2149 1540 Commendator,

642 1555 731 1603 Reg.
763 1555 845 1591 Ord.
875 1554 1057 1591 Ensiferor.
1085 1555 1213 1604 Eques.

542 1603 818 1651 HANSTEEN
859 1614 1103 1662 (Christoph.),
1141 1613 1266 1650 Philos.
1304 1613 1448 1655 Doctor,
1481 1613 1718 1649 Astronomiae
1746 1613 1927 1650 Professor
1955 1614 2147 1650 Christiani-

643 1676 748 1716 ensis‚
775 1673 961 1722 Regiorum
1003 1673 1167 1708 Ordinum
1203 1673 1244 1709 de
1281 1672 1381 1709 Stella
1410 1672 1522 1708 Polari
1548 1680 1581 1709 et
1603 1674 1645 1709 de
1673 1673 1707 1709 S.
1738 1673 1848 1709 Olavo
1877 1687 1950 1709 cum
1981 1674 2146 1721 grandiori

643 1733 761 1769 Crucis
797 1734 914 1781 insigni
944 1746 1006 1768 nec
1032 1746 1098 1768 non
1124 1733 1166 1768 de
1191 1731 1388 1780 Danebrog.
1432 1731 1704 1775 Commendator,
1734 1732 1896 1781 Legionis
1930 1732 2079 1768 Honoris
2114 1740 2146 1768 et

640 1793 682 1828 de
707 1792 744 1827 S.
774 1791 904 1827 Stanisl.
934 1794 965 1827 in
996 1791 1044 1827 Cl.
1072 1791 1112 1826 II.
1142 1791 1270 1840 Eques.

539 1851 746 1887 PLATEN
789 1851 938 1899 (Baltzar
970 1854 1065 1897 von),
1107 1849 1250 1893 Comes,
1285 1864 1312 1886 a.
1342 1850 1372 1885 h.
1405 1849 1620 1887 Consiliarius
1659 1850 1787 1893 Status,
1823 1850 1864 1885 ad
1894 1849 2015 1885 Aulam
2055 1850 2141 1899 Reg.

638 1910 863 1946 Britannicam
881 1910 1045 1958 Legatus‚
1069 1909 1256 1958 Regiorum
1285 1909 1449 1944 Ordinum
1478 1910 1519 1946 de
1550 1910 1651 1946 Stella
1679 1909 1791 1944 Polari
1820 1916 1853 1944 et
1880 1909 1922 1944 de
1939 1908 2049 1944 Wasa
2069 1923 2143 1944 cum

637 1970 806 2017 grandiori
833 1969 952 2005 Crucis
979 1971 1098 2017 insigni
1126 1983 1189 2005 nec
1222 1983 1288 2004 non
1316 1969 1357 2004 de
1385 1968 1423 2004 S.
1453 1969 1563 2005 Olavo
1593 1968 1865 2005 Commendator.

538 2027 703 2065 ANJOU
738 2028 908 2077 (Laurent.
944 2029 1143 2075 Antonius),
1177 2028 1297 2064 Theol.
1325 2034 1358 2064 et
1383 2027 1508 2064 Philos.
1534 2028 1679 2072 Doctor,
1706 2042 1733 2063 a.
1761 2028 1791 2063 h.
1822 2026 2038 2063 Consiliarius
2068 2025 2142 2061 Sta-

637 2094 704 2129 tus,
737 2087 933 2136 Episcopus
966 2087 1178 2123 Dioeceseos
1205 2087 1441 2138 Wisbyensis‚
1468 2087 1557 2137 Reg.
1587 2087 1669 2123 Ord.
1698 2087 1740 2123 de
1767 2086 1871 2123 Stella
1898 2085 2012 2121 Polari
2038 2084 2141 2120 Com-

634 2147 815 2182 mendator.

539 2205 812 2242 HAMILTON
850 2205 1028 2254 (Henning
1053 2204 1249 2241 Ludovicus
1276 2204 1415 2253 Hugo),
1455 2204 1598 2245 Comes,
1640 2219 1667 2240 a.
1696 2204 1726 2239 h.
1759 2203 1976 2239 Consiliarius
2010 2202 2138 2243 Status,

635 2265 677 2300 ad
723 2265 843 2300 Aulam
882 2264 967 2312 Reg.
1002 2264 1088 2299 Dan.
1116 2263 1283 2312 Legatus,
1313 2264 1515 2300 Academiae
1541 2263 1712 2300 Svecanae
1745 2262 2006 2303 Octodecimvir,
2033 2260 2139 2309 Regi-

632 2338 725 2359 orum
761 2323 924 2359 Ordinum
953 2323 1070 2371 Eques
1097 2330 1129 2358 et
1158 2322 1429 2365 Commendator,
1452 2321 1540 2370 Reg.
1558 2321 1642 2358 Ord.
1660 2323 1703 2358 de
1719 2321 1916 2369 Danebrog.
1932 2320 2058 2368 Eques,
2074 2327 2136 2355 etc.

534 2382 751 2419 ERICSON
793 2382 1004 2430 (Nicotaus),
1045 2381 1120 2418 Lib.
1160 2381 1268 2424 Baro,
1305 2384 1335 2417 in
1371 2383 1502 2430 legione
1538 2380 1810 2417 Meehanieorum
1852 2380 1979 2416 Classis
2006 2378 2137 2426 Regiae

631 2442 801 2479 Tribunus
829 2449 861 2477 et
890 2444 949 2477 viis
978 2442 1091 2477 ferreis
1118 2441 1250 2489 publice
1276 2441 1486 2476 aedificandis
1513 2439 1726 2483 Praefectus,
1750 2439 1840 2488 Reg.
1872 2438 1956 2474 Ord.
1974 2438 2015 2473 de
2032 2436 2135 2473 Stella

630 2500 742 2537 Polari
782 2501 916 2550 Eques,
960 2500 1048 2549 Reg.
1086 2500 1169 2536 Ord.
1207 2500 1249 2535 de
1284 2499 1392 2536 Wasa
1432 2506 1465 2536 et
1506 2500 1548 2535 de
1589 2498 1627 2535 S.
1659 2498 1770 2534 Olavo
1798 2497 2067 2539 commendator,
2094 2496 2136 2532 de

631 2560 666 2596 S.
692 2560 791 2597 Anna
816 2563 847 2597 in
873 2560 924 2597 Cl.
951 2559 992 2595 II.
1017 2559 1144 2609 Eques,
1171 2565 1233 2595 etc.
