2379 3188
1659 261 1734 302 121

188 370 373 403 stratarum,
399 375 516 410 magna
542 362 729 410 specierum
761 361 1007 409 formarumque
1033 362 1122 409 viget
1151 364 1265 409 copia,
1289 364 1373 398 inter
1397 376 1540 411 quas—
1567 374 1701 413 praeter
1719 370 1797 416 plu-

188 424 287 457 rimos
315 421 459 456 lichenes
487 423 698 468 muscigenos
723 422 754 455 in
782 420 974 468 regionibus
1001 422 1167 467 graniticis
1195 422 1315 456 obvios
1343 443 1390 448 —
1419 422 1480 458 hae
1512 424 1695 472 singulatim
1724 435 1798 462 sunt

187 479 419 515 nominandae:
450 479 609 514 §olonna
634 488 775 514 saccata
798 492 826 514 c.
855 493 937 521 van,
968 479 1117 526 Physcz'a
1139 480 1383 528 pulverulenta
1411 495 1476 516 var.
1503 490 1535 518 et
1562 482 1705 520 obscura
1731 500 1795 521 var.

186 545 395 584 muscigena,
425 539 625 573 Flac-odium
648 539 859 584 lendigerum
886 545 918 574 et
937 539 1107 585 fulgens,
1148 539 1329 575 Lecanora
1355 539 1524 587 subfusca
1551 552 1579 590 β,
1603 543 1797 592 hypnorum

185 604 218 633 et
243 597 395 643 Hageni,
428 597 636 646 Callopisma
649 598 918 644 ferrugineum,
947 597 1121 646 Aspicilia
1147 613 1344 640 verrucosa,
1361 600 1529 646 Gyalectoe
1544 603 1738 648 foveolaris
1766 612 1798 640 et

186 655 292 690 rubra
307 657 354 703 (in
375 656 718 704 region.meridion.),
740 657 856 692 Psora
882 658 1048 705 decipiens
1064 664 1095 692 et
1111 658 1243 699 lurida,
1266 658 1432 694 Bilimbzssa
1460 666 1682 707 syncomista,
1710 663 1797 697 Bla-

184 721 292 750 stenia
330 716 518 756 leucoraea,
547 717 698 751 Bacidia
729 721 942 762 atrogrisea,
986 717 1124 751 Buellia
1165 722 1329 763 insignis,
1365 718 1515 754 Lecidea
1554 719 1797 762 sabuletorum,

186 775 483 824 Dermatocarpon
528 776 704 822 uffesceus
746 775 1019 824 hepaticumque,
1063 775 1276 824 Polyblastia
1317 777 1501 814 Sendtnerz·
1531 786 1563 814 et
1601 779 1798 830 bryophffa,

188 834 374 871 Collemata
414 848 441 869 e.
472 849 496 869 s.
524 848 555 882 p.
622 834 774 870 Eosdem
813 835 881 870 sere
923 835 1048 870 incolas
1080 837 1219 883 gignunt
1245 839 1342 871 etiam
1372 840 1481 886 campi
1506 839 1548 873 illi
1573 852 1676 888 saepe
1700 843 1798 876 vasti,

184 895 239 942 qui
266 907 282 928 a
308 894 404 928 siccis
421 895 450 941 ¹)
480 894 553 928 turli
580 895 688 929 stratis
719 895 886 929 constituti
911 894 1000 929 haud
1027 908 1100 930 raro
1129 909 1236 944 usque
1273 896 1314 931 ad
1339 897 1433 931 litora
1469 899 1590 933 marina
1615 900 1798 935 extendun-

184 959 243 988 tur.
296 951 340 986 Hi
370 952 491 999 largam
516 958 711 1001 gratamque
735 955 903 989 materiem
932 953 1220 1002 lichenologorum
1251 955 1366 992 studiis
1395 958 1576 1004 praebent,
1607 964 1640 993 et
1666 971 1708 994 ex
1732 959 1798 1001 his,

183 1014 213 1046 in
240 1012 359 1060 quibus
389 1012 635 1059 perscrutandis
660 1013 967 1061 investigandisque
996 1014 1187 1061 complures
1216 1014 1286 1050 dies
1308 1022 1442 1064 reptans
1458 1018 1668 1065 consumpsi,
1695 1019 1798 1053 maxi—

184 1084 268 1105 mam
292 1084 428 1119 quoque
453 1072 620 1119 reportavi
646 1078 774 1119 partem
802 1074 991 1120 specierum
1018 1073 1071 1107 vel
1100 1075 1233 1108 omnino
1260 1088 1419 1110 novarum
1451 1076 1503 1111 vel
1530 1083 1624 1112 antea
1643 1077 1674 1111 in
1691 1075 1799 1112 Scan-

184 1130 310 1165 dinavia
337 1144 403 1165 non
425 1131 692 1173 observatarum,
721 1145 806 1180 quae
831 1133 863 1167 in
887 1132 953 1167 hoc
980 1133 1144 1180 opusculo
1175 1140 1331 1182 receptae
1358 1135 1574 1170 inveniuntur.

331 1189 388 1224 Ad
416 1190 561 1224 ultimum
586 1192 650 1238 jam
676 1192 888 1239 pervenimus
916 1191 957 1225 ad
987 1192 1147 1239 scopulos
1175 1194 1333 1236 marinos,
1361 1195 1415 1242 qui
1439 1194 1489 1230 bis
1515 1195 1547 1229 in
1576 1197 1671 1231 terris
1697 1197 1798 1244 vulgo

184 1261 202 1282 e
228 1250 355 1296 granito
384 1250 520 1298 aliisque
549 1251 636 1285 saxis
661 1250 854 1298 plutonicis,
880 1251 984 1285 rarius
1011 1263 1029 1285 e
1057 1251 1180 1285 schisto
1205 1253 1382 1300 argillaceo
1399 1254 1544 1288 contexti
1560 1260 1643 1289 sunt.
1686 1253 1799 1303 Supra

184 1306 244 1342 hos
270 1307 430 1343 luxuriant
456 1309 608 1356 permulti
646 1309 880 1344 memorabiles
918 1309 1083 1349 lichenes,
1126 1324 1267 1358 quorum
1294 1311 1382 1346 haud
1412 1314 1531 1360 exigua
1558 1326 1636 1361 pars
1666 1320 1799 1349 arctoae

183 1379 286 1401 zonae
315 1374 365 1402 est
390 1368 463 1415 plus
491 1369 596 1403 minus
624 1370 733 1416 priva,
755 1382 826 1404 v.c.
855 1368 1006 1416 Physcia
1035 1369 1167 1404 ciliaris
1196 1382 1264 1404 var.
1292 1371 1523 1418 scopulorum,
1551 1372 1669 1420 aquila
1689 1385 1799 1407 c.var.

183 1424 360 1467 balanina,
401 1427 601 1462 A⁷a71thoria
634 1433 816 1476 parietina
842 1441 910 1462 var.
939 1429 1079 1462 aureola
1110 1435 1141 1463 et
1168 1429 1363 1470 crenulata,
1408 1430 1615 1465 Placodmm
1658 1437 1799 1466 strami-

183 1499 279 1519 neum
307 1492 340 1520 et
367 1487 647 1533 cartilaginemn,
674 1486 899 1536 Acarospora
924 1485 1133 1534 φηοζῃόἄίνια,
1161 1487 1379 1523 Lecanorina
1404 1490 1591 1538 aipospila,
1618 1490 1800 1526 Lecanora

180 1544 402 1593 poliophaea,
442 1545 616 1594 helicopz's,
654 1546 936 1596 atrosulplmrea,
987 1546 1198 1582 Verrucmia
1241 1561 1381 1589 maura,
1427 1562 1579 1590 mucosa,
1615 1551 1798 1591 striatula,

184 1603 426 1653 centhocarpa,
453 1605 602 1640 Licln‘mz
625 1607 785 1654 confinis,
825 1606 1034 1654 Pyrenopsis
1062 1606 1218 1653 lignyota
1246 1613 1326 1645 cet..
1356 1608 1476 1655 quibus
1500 1609 1682 1657 speciebus
1708 1623 1800 1645 mere

185 1665 313 1700 marinis
339 1666 472 1699 immixti
503 1666 580 1699 varii
606 1665 726 1700 adsunt
751 1665 896 1700 lichenes
922 1665 1132 1712 granitophili
1161 1666 1381 1713 vulgatiores,
1410 1680 1551 1715 quorum
1579 1670 1801 1704 enumeratio-

184 1736 258 1758 nem
282 1723 312 1758 h.
343 1724 361 1758 l.
392 1723 516 1759 addere
559 1725 762 1772 superfluum
792 1726 896 1760 visum
926 1730 985 1759 est.
1038 1722 1160 1759 Nullae
1188 1726 1321 1773 species
1350 1725 1448 1760 thallo
1479 1727 1674 1763 fruticuloso
1702 1741 1800 1776 prae—

185 1782 270 1818 ditae
310 1784 441 1818 obviam
477 1784 626 1825 veniunt,
668 1790 808 1832 excepta
850 1783 950 1818 modo
987 1782 1178 1818 Ramalma
1210 1785 1442 1834 polymorplm
1469 1792 1569 1834 atque
1593 1788 1624 1821 in
1650 1788 1800 1835 partibus

186 1842 431 1877 australioribus
458 1842 502 1877 R.
524 1843 719 1891 pollinaria
748 1850 781 1878 et
806 1843 1032 1891 scopulorum.

331 1899 368 1935 In
396 1903 576 1943 territorio,
604 1904 698 1949 cujus
727 1908 835 1938 tantus
863 1909 914 1938 est
941 1902 1101 1943 ambitus,
1132 1902 1201 1936 fieri
1230 1915 1297 1937 non
1325 1909 1453 1951 potest,
1484 1905 1561 1952 quin
1588 1904 1688 1952 longe
1714 1904 1800 1939 aliud

186 1959 254 1994 aliis
281 1959 362 1995 locis
390 1963 608 2009 vegetationis
637 1963 804 2009 ingenium
842 1963 1075 2009 comperiatur,
1113 1961 1203 2009 quod
1242 1963 1339 1997 etiam
1379 1964 1444 2010 jam
1469 1977 1569 2012 supra
1598 1964 1723 2012 passim
1750 1971 1801 1999 est

185 2018 370 2053 indicatum.
424 2019 555 2055 Forsan
580 2022 677 2069 igitur
701 2034 719 2056 e
750 2034 786 2056 re
815 2023 856 2056 sit
879 2021 1101 2062 diversarum,
1127 2034 1209 2069 quas
1237 2022 1399 2063 continet,
1423 2023 1563 2070 partium
1592 2023 1719 2070 privam
1742 2037 1800 2058 ve-

186 2079 360 2124 getationis
386 2080 533 2126 speciem
559 2087 658 2128 atque
685 2079 830 2115 indolem
861 2081 1047 2115 summatim
1080 2093 1269 2127 exponere,
1306 2093 1415 2128 eoque
1443 2082 1548 2129 magis
1576 2081 1668 2129 quod
1694 2083 1736 2117 ita
1763 2083 1800 2124 li-

188 2142 260 2171 ceat
288 2139 492 2185 specierum,
519 2151 604 2186 quae
632 2139 673 2173 ad
703 2140 962 2187 septentrionem
991 2145 1024 2174 et
1051 2139 1222 2174 meridiem
1249 2140 1465 2187 vergentibus
1492 2140 1575 2175 locis
1587 2143 1799 2188 proveniant,

187 2207 341 2230 numeros
369 2197 451 2231 inter
478 2210 514 2232 se
542 2198 702 2233 conferre.
738 2197 841 2236 Quod
868 2200 963 2234 etiam
994 2198 1052 2233 suit
1077 2212 1185 2233 meum
1218 2199 1407 2240 consilium,
1433 2199 1509 2234 licet
1535 2199 1612 2235 inde
1638 2200 1800 2236 desistere

188 2266 328 2289 necesse
366 2254 476 2296 fuerit,
511 2269 612 2303 quum
635 2270 677 2293 ne
702 2259 834 2292 nimium
861 2258 1063 2293 incresceret
1090 2271 1175 2305 opus
1204 2258 1267 2304 jam
1297 2264 1390 2293 antea
1418 2257 1503 2294 sorte
1528 2260 1607 2294 satis
1635 2260 1799 2308 prolixum

188 2312 414 2361 amplumque,
442 2320 509 2348 tum
548 2317 622 2363 quia
663 2318 767 2365 magis
796 2322 847 2352 est
878 2330 993 2352 manca
1020 2323 1053 2352 et
1077 2316 1287 2364 imperfecta,
1315 2330 1412 2364 quam
1441 2317 1483 2353 de
1508 2317 1559 2354 his
1586 2319 1669 2355 locis
1696 2319 1800 2354 habe-

189 2383 276 2412 mus,
302 2373 430 2412 notitia,
457 2386 554 2420 quam
577 2388 619 2410 ex
645 2388 710 2423 qua
739 2382 846 2411 certas
874 2378 1043 2423 possimus
1074 2389 1220 2410 summas
1243 2380 1276 2410 et
1295 2377 1439 2412 rationes
1457 2377 1656 2413 subducere.
1694 2376 1800 2413 Prae-

189 2435 277 2464 terea
319 2431 438 2478 cuique
479 2433 605 2479 speciei
644 2435 801 2481 suggessi
840 2441 952 2482 partes
980 2436 1148 2476 territorii,
1175 2433 1262 2469 unde
1294 2436 1494 2484 exemplaria
1522 2436 1588 2471 vidi
1615 2443 1800 2485 reportata3

313 2536 337 2564 1)
370 2534 402 2561 In
425 2534 583 2570 sphagnetis
606 2535 666 2563 udis
688 2536 732 2563 vix
756 2535 809 2563 ulla
834 2537 970 2573 vegetatio
993 2537 1130 2565 lichenosa
1153 2540 1278 2574 apparet,
1301 2538 1323 2565 si
1347 2539 1542 2573 Icmadophilam
1569 2542 1749 2573 aeruginosam
1772 2542 1800 2565 et

192 2579 346 2608 Lecanoram
368 2588 510 2609 tartaream
533 2583 659 2621 excipias.

1569 2626 1649 2660 162
