2379 3188
1668 236 1745 277 113

193 349 352 399 patribus
389 350 692 383 commemoratae
720 345 908 380 varietates
948 342 1088 379 nobiles
1130 344 1199 380 sint
1224 346 1330 391 atque
1359 341 1554 383 notabiles,
1586 354 1690 390 quam
1719 355 1798 390 per-

195 408 324 444 multae
355 406 498 455 species
531 404 710 440 recentius
745 403 956 450 descriptae.
1011 401 1209 437 Confusum
1243 404 1278 436 et
1302 404 1541 448 permutatum
1570 401 1668 448 quod
1696 400 1799 436 fuerit

193 479 335 507 nomen,
364 465 492 501 nullam
515 469 611 512 puto,
634 474 698 497 cur
724 461 942 509 repudietur,
971 472 1052 496 esse
1082 472 1260 500 caussam;
1277 458 1490 507 ceteroquin
1508 471 1689 506 perpauca
1704 472 1799 501 sane,

193 524 388 574 approbata
425 523 487 558 hac
523 521 712 561 sententia,
742 519 884 569 antiqua
911 518 1057 554 nomina
1083 519 1180 555 salva
1206 517 1397 555 restabunt.
1430 540 1473 544 —-
1504 517 1647 553 Deinde
1677 540 1721 545 —
1752 530 1799 553 ex

193 584 300 619 altera
329 589 427 630 parte
454 603 498 609 ——
527 580 647 615 omnia
674 591 826 620 censeo,
854 590 946 627 quae
978 578 1012 613 in
1041 578 1223 626 publicum
1252 589 1446 625 numquam
1474 576 1604 612 emissa
1631 576 1713 617 sint,
1735 589 1799 611 no-

194 643 286 677 mina
325 641 460 688 (addita
498 638 574 674 sive
613 637 855 686 descriptione
895 637 970 673 sive
1013 637 1211 685 specimine
1242 636 1277 672 in
1308 635 1521 671 collectione
1552 634 1683 684 publici
1708 636 1798 682 juris

193 700 297 747 facta)
323 699 388 735 sed
415 700 469 733 ''1'72
502 698 597 738 lius,
622 699 674 732 ”iu
702 697 824 738 herb.'',
845 697 899 732 ”in
923 696 1051 732 schedff'
1067 709 1097 732 e.
1113 709 1140 732 s.
1165 709 1197 744 p.
1213 695 1329 731 solum
1347 701 1564 743 nuncupata,
1585 694 1799 743 negligenda

192 772 273 795 esse
305 758 360 794 vel
394 756 604 804 rejicienda,
644 769 724 791 nam
761 768 871 805 quum
902 755 1036 791 nemini
1074 756 1257 804 cuiquam,
1286 767 1369 790 num
1396 766 1479 788 vera
1507 754 1592 795 sint,
1618 753 1800 802 inquirere

192 826 226 854 et
260 829 528 863 recognoscere
561 815 605 851 sit
636 815 814 864 integrum
841 815 999 863 ideoque
1027 827 1146 863 neque
1174 814 1390 849 confirmare
1419 826 1459 848 ea
1486 825 1605 862 neque
1635 812 1800 848 refellere

192 878 308 918 liceat,
338 865 471 925 privata
498 874 762 915 tantummodo,
792 879 829 910 ut
852 874 897 910 ita
925 874 1057 914 dicam,
1087 873 1141 909 sui
1168 873 1340 922 quodque
1367 872 1522 908 auctoris
1540 884 1598 907 res
1615 877 1711 912 sunt,
1729 884 1800 907 non

193 935 333 985 publica
369 939 475 983 atque
516 934 718 970 communis
759 933 918 968 omnium
956 932 1280 981 liclienologorum.
1352 931 1498 966 Sublata
1529 930 1595 966 hac
1622 930 1678 966 vel
1706 930 1802 966 irrita

194 995 281 1030 facta
319 993 470 1035 ratione,
507 992 648 1028 firmum
691 1005 800 1028 omne
840 992 1069 1041 solidumque
1105 991 1269 1041 principii
1305 990 1493 1039 prioritatis
1531 989 1801 1025 fundamentum

193 1065 358 1089 eversum
389 1051 468 1093 erit,
495 1056 529 1087 et
556 1051 651 1086 mole
694 1063 988 1100 synonymorum
1021 1052 1055 1086 in
1093 1051 1188 1086 diem
1210 1050 1513 1099 praetermodum
1530 1049 1802 1098 ingravescente

191 1112 358 1149 scientiae
386 1110 451 1146 erit
478 1110 723 1145 laborandum.
779 1110 853 1146 Nec
882 1110 949 1158 ipsi
978 1110 1061 1145 mihi
1088 1116 1161 1145 tum
1189 1110 1254 1145 erit
1281 1109 1573 1150 obtrectandum,
1604 1109 1633 1144 si
1662 1108 1802 1156 species

192 1171 361 1221 quasdam
394 1169 603 1205 nominandi
638 1169 828 1218 prioritatis
856 1169 939 1205 mihi
963 1171 1023 1217 jus
1050 1168 1142 1204 sorte
1171 1169 1343 1217 placuerit
1369 1169 1567 1209 vindicare,
1597 1167 1726 1216 quibus
1757 1190 1801 1195 —

192 1230 359 1279 quoniam
386 1229 421 1265 in
448 1228 518 1264 hoc
545 1241 657 1276 opere
687 1228 935 1264 elucubrando
963 1241 1027 1276 per
1052 1229 1149 1263 varia
1174 1228 1342 1264 distracto
1365 1227 1582 1276 longiorem,
1608 1239 1713 1275 quam
1729 1231 1804 1262 erat

193 1288 402 1337 optandum,
439 1287 611 1336 temporis
645 1287 765 1323 facere
795 1300 932 1323 moram
979 1299 1131 1323 necesse
1172 1287 1235 1322 fuit
1263 1309 1308 1314 -
1337 1300 1355 1321 a
1387 1299 1444 1322 me
1479 1286 1594 1334 primo
1624 1290 1660 1321 ut
1686 1297 1803 1321 novae

192 1348 430 1397 propriaeque
464 1346 606 1394 species
639 1346 782 1396 agnitis,
807 1346 874 1382 alia
900 1346 1036 1381 interea
1063 1345 1208 1381 nomina
1237 1351 1318 1381 sunt
1344 1345 1525 1393 i1nposita;
1552 1368 1602 1372 —
1628 1350 1678 1386 at,
1706 1344 1802 1392 jocis

191 1407 322 1448 missis,
359 1405 403 1442 ad
443 1405 556 1454 ipsam
597 1418 673 1441 rem
710 1405 796 1454 quid
819 1405 965 1441 interest
992 1404 1093 1445 illud,
1119 1404 1185 1440 utri
1214 1404 1323 1453 priori
1351 1404 1489 1440 licuerit
1524 1416 1657 1439 novum
1686 1416 1802 1439 novae

189 1465 322 1515 speciei
349 1464 531 1514 publicare
557 1465 729 1500 nomen?!

337 1525 379 1560 In
419 1523 637 1559 elaboranda
681 1523 746 1559 hac
784 1522 1087 1559 commentatione
1129 1533 1265 1562 omnes,
1295 1526 1472 1570 quotquot
1504 1521 1538 1556 in
1568 1521 1805 1557 scandinavia

189 1583 481 1633 suppeditavere,
519 1583 641 1631 copias
674 1583 708 1618 in
745 1595 846 1618 usum
883 1595 1003 1618 meum
1038 1581 1204 1617 conferre
1231 1594 1309 1617 sum
1340 1585 1497 1616 conatus.
1552 1579 1699 1616 Minime
1727 1581 1803 1630 qui-

192 1643 275 1679 dem
293 1655 350 1678 ine
364 1641 461 1685 fallit,
490 1641 738 1690 compluribus
766 1653 814 1677 ex
838 1640 893 1677 his
920 1640 1008 1676 locis
1038 1640 1207 1685 (Islandia
1234 1640 1442 1689 praesertim
1469 1639 1803 1689 Groenlandiaque)

192 1701 369 1750 decerptis
390 1701 661 1737 collectionibus
691 1700 739 1737 uti
762 1699 846 1736 mihi
873 1700 1034 1736 nondum
1064 1699 1273 1749 contigisse,
1303 1700 1385 1748 qnia
1412 1703 1515 1734 extra
1544 1722 1576 1726 -
1608 1699 1804 1735 Scandilia-

190 1761 308 1797 vicum
330 1759 464 1796 nullum
492 1772 654 1796 museum
685 1759 804 1796 visere
832 1772 1046 1795 concessum
1073 1759 1193 1801 fuerit;
1223 1771 1330 1806 spero
1358 1763 1491 1799 tamen,
1512 1770 1604 1807 quae
1618 1757 1702 1794 inde
1719 1758 1803 1794 sub-

192 1820 431 1856 ministrentur
457 1819 710 1860 additamenta,
742 1831 862 1868 neque
890 1819 1087 1867 conspicua
1113 1818 1309 1854 admodum
1342 1830 1409 1852 nec
1435 1817 1557 1862 gravia
1577 1816 1673 1859 sore,
1693 1829 1802 1866 quum

193 1879 445 1920 collectorum,
473 1878 533 1926 qui
563 1878 719 1927 speciale
746 1877 947 1914 lichenibus
974 1878 1130 1913 studium
1157 1877 1368 1918 dicaverint,
1400 1876 1517 1912 nullus
1544 1876 1600 1918 sit,
1629 1879 1731 1924 cujus
1758 1876 1804 1912 ad

192 1938 314 1987 copias
340 1937 456 1973 aditus
483 1936 567 1973 mihi
592 1937 698 1974 fuerit
723 1937 947 1973 interclusus.
1012 1938 1204 1973 Praeterea
1233 1936 1421 1972 nonnullas
1449 1935 1552 1971 etiam
1586 1935 1728 1984 species
1755 1948 1803 1971 ex

193 1997 312 2033 verbis
334 1996 559 2045 antiquorum
589 1997 803 2046 scriptorum
833 1996 1029 2045 potuissem
1055 1996 1200 2045 quidem
1232 1995 1411 2043 recipere,
1436 2007 1525 2043 quas
1546 1999 1664 2030 tamen
1685 1994 1803 2030 deter-

194 2055 420 2097 minationes,
453 2068 573 2104 quum,
593 2055 824 2103 microscopii
851 2055 985 2091 auxilio
1020 2067 1215 2103 numquam
1249 2054 1429 2095 suffultae,
1460 2059 1578 2088 certae
1604 2058 1710 2102 atque
1738 2066 1803 2089 ex-

195 2114 350 2163 ploratae
390 2119 570 2164 nequeant
612 2113 822 2156 existimari,
857 2114 998 2150 silentio
1034 2126 1161 2149 omnes
1189 2113 1371 2162 praeterii,
1399 2112 1465 2148 nisi
1492 2114 1521 2148 si
1548 2124 1720 2161 perquam
1750 2112 1802 2148 in—

195 2172 314 2222 signes
343 2173 476 2209 formas
510 2173 567 2208 vel
604 2172 738 2221 optime
776 2173 936 2209 evolutas
966 2172 1190 2221 spectabant,
1220 2172 1281 2208 ubi
1307 2172 1369 2208 vix
1396 2171 1464 2207 ulla
1490 2176 1624 2221 potest,
1650 2170 1802 2207 subesse

195 2243 371 2274 errorem,
400 2231 556 2281 suspicio
585 2231 733 2267 moveri.
763 2255 810 2259 ——
839 2231 1096 2275 Collectiones,
1128 2231 1259 2281 quibus
1291 2231 1503 2267 examinatis
1536 2230 1651 2267 hocce
1685 2230 1804 2267 nititur

196 2290 423 2339 opusculum,
452 2290 519 2326 hae
547 2294 642 2326 sunt:

327 2375 358 2410 E
387 2376 651 2412 NonnLANDm
677 2374 926 2419 NonvEGmA,
955 2389 1043 2426 quas
1070 2382 1344 2426 reportaverunt
1377 2378 1418 2414 G.
1455 2375 1688 2423 Walzlenberg,
1721 2376 1800 2412 Clcs.

391 2435 625 2481 Sommerfelt,
661 2437 710 2470 M.
746 2437 792 2472 N.
830 2439 947 2485 Blytc,
984 2437 1102 2472 Barth
1136 2439 1202 2484 (ex
1236 2437 1466 2486 archipelago
1499 2435 1730 2484 Lofodensi),
1759 2436 1801 2470 F.

396 2493 567 2535 Unandem

340 2586 358 2599 ‚,
391 2559 614 2597 menxm
648 2561 927 2597 OccmENTAm:
967 2562 1008 2597 G.
1051 2562 1290 2609 Walalenberg,
1324 2563 1358 2598 J.
1394 2562 1495 2603 mm,
1527 2563 1578 2596 M.
1609 2561 1653 2595 N.
1688 2561 1802 2608 Biytt,

392 2618 426 2652 J.
458 2619 509 2653 M.
540 2619 711 2659 Norman,
739 2621 772 2655 J.
801 2621 883 2655 Moti
906 2623 940 2655 et
964 2619 1058 2668 ipse;
1574 2667 1617 2701 15
