2379 3188
1655 268 1737 309 225

324 377 360 419 β.
393 376 639 413 πιείαηοεΙιΙονα
662 373 860 421 (Smrft.):
884 377 1002 408 crusta
1027 372 1366 413 fusco-virescente,
1399 372 1542 408 madida
1571 373 1740 409 olivacea.

326 447 416 496 Syn.
468 446 650 481 Lecanora
678 443 926 479 melanoclelora
955 442 1095 478 Smrst.
1125 442 1247 491 Suppl.
1283 457 1314 491 p.
1350 443 1407 478 98.

322 518 502 553 Parmelia
532 517 735 565 sopbodesp‘.
762 516 1010 551 melunoclelora
1038 516 1067 551 F
1080 531 1103 552 r.
1132 515 1172 551 L.
1204 516 1243 551 E.
1274 531 1303 566 p.
1336 517 1416 553 150.

324 602 361 636 In
389 600 537 648 rupibus
565 600 735 649 saxisque
762 600 941 649 graniticis
970 599 1065 636 haud
1093 600 1202 649 longe
1229 613 1249 636 a
1276 600 1440 636 litoribus
1468 600 1612 636 marinis
1645 603 1792 638 remotis

174 660 396 697 Finmarkiae
423 658 742 707 Nordlamliaeque
777 659 919 707 passim.

319 728 430 764 Verus
459 727 586 762 Liclzew
614 728 772 762 mileetnus
795 726 847 762 W
858 728 957 775 nbg.‚
986 727 1027 762 ‹le
1058 741 1125 775 quo
1155 729 1389 763 sententiarum
1413 728 1709 764 diversissimarum
1733 743 1792 764 co-

173 791 224 838 pia
257 794 378 828 exstat,
406 787 436 822 h.
463 787 478 821 l.
507 788 691 834 respicitur,
718 793 750 821 et
782 800 883 834 spero
909 787 979 822 fore
1009 791 1043 821 ut
1072 788 1101 822 in
1132 793 1303 835 posterum
1329 787 1382 822 llic
1409 801 1473 822 non
1501 789 1530 822 in
1560 790 1656 824 variis
1682 789 1792 825 Leca-

170 861 333 883 morarum
360 853 423 882 etc.
452 847 563 881 formis
591 852 776 894 quaeratur.
831 845 970 880 Thallus
997 859 1140 887 crassus,
1168 847 1384 881 Parmeliam
1410 852 1563 895 stygiam
1590 848 1641 883 vel
1684 850 1793 898 potius

171 907 352 956 alpicolam
380 906 424 940 ob
457 906 605 940 colorem
634 905 719 939 haud
750 905 939 940 dissimilem
972 920 990 940 e
1022 906 1203 953 longinquo
1232 907 1261 940 in
1291 907 1481 940 memoriam
1511 920 1683 948 revocans,
1710 910 1793 943 inte-

172 980 248 1014 gras
273 979 372 1014 rupes
400 978 503 1012 saepe
530 966 610 1012 tegit
639 971 671 998 et
696 965 768 1011 ipse
793 964 1046 1012 apotheciorum
1076 968 1212 999 maxima
1241 967 1337 1013 eopia
1365 966 1433 1001 fere
1448 972 1537 1000 totus
1556 967 1683 1013 tegitur.
1711 966 1792 1002 Val-

172 1026 214 1061 de
250 1025 351 1059 affinis
392 1030 443 1059 est
477 1024 520 1058 R.
560 1024 774 1058 lecanorinae
816 1023 944 1059 Mass,
966 1027 1001 1072 1)
1037 1031 1068 1059 et
1093 1024 1136 1060 R.
1168 1033 1401 1060 controversae
1443 1025 1588 1066 Mass„
1612 1027 1670 1061 sed
1699 1027 1792 1062 color

171 1085 271 1119 multo
300 1090 350 1118 est
378 1084 563 1125 obscurior,
591 1083 669 1117 alias
698 1089 792 1117 notas
821 1089 853 1117 ut
881 1090 1018 1118 taceam.
1049 1105 1092 1110 ——
1120 1083 1203 1119 Asci
1239 1085 1372 1124 clavati,
1415 1085 1624 1133 paraphyses
1666 1086 1792 1121 laxissi—

173 1157 223 1179 me
251 1142 486 1184 cohaerentes,
527 1143 620 1191 apice
667 1143 911 1184 luscescentem
949 1157 1071 1191 sperae
1105 1150 1264 1184 octonae,
1301 1145 1374 1192 plus
1414 1145 1519 1178 minus
1561 1145 1794 1192 ellipsoideae,

171 1203 279 1238 medio
307 1202 422 1237 leviter
450 1203 664 1243 constrictae,
693 1203 844 1249 utrinque
877 1203 1033 1244 obtusae,
1067 1202 1256 1252 dyblastae‚
1284 1203 1590 1250 fuligineo-l'uscae,
1618 1205 1793 1245 0‚0113*;›2

171 1276 244 1298 mm.
273 1262 391 1309 longae
421 1268 452 1296 et
479 1261 650 1301 O,nin——11
702 1274 777 1296 mm.
824 1262 916 1296 latae.
940 1284 991 1288 —
1017 1260 1052 1296 In
1078 1275 1143 1296 var.
1168 1268 1212 1307 (3.,
1242 1275 1327 1309 quae
1357 1264 1410 1297 vix
1436 1264 1497 1297 nisi
1524 1269 1631 1298 crusta
1661 1263 1792 1298 madida

170 1323 274 1370 magis
308 1322 454 1355 olivacea
496 1319 618 1359 differt,
661 1334 783 1367 sporae
826 1321 971 1369 paullulo
1013 1327 1088 1356 sunt
1115 1322 1277 1356 minores:
1304 1322 1478 1362 Quia—16
1511 1335 1585 1356 mm.
1612 1323 1732 1370 longae
1762 1329 1793 1358 et

171 1383 324 1423 O,007-s
367 1393 442 1414 mm.
483 1379 583 1421 latae,
621 1378 681 1413 sed
716 1379 791 1414 huic
827 1386 924 1415 notae
958 1381 988 1415 in
1015 1380 1081 1414 hoc
1111 1393 1236 1427 genere
1264 1393 1329 1415 non
1355 1379 1535 1414 admodum
1562 1395 1681 1429 magna
1709 1382 1793 1417 fides

173 1447 226 1476 est
253 1439 436 1475 tribuenda.

322 1507 354 1542 2.
388 1507 431 1541 R.
467 1505 627 1554 sophocles
666 1503 836 1553 (Ach.!):
866 1510 984 1542 crusta
1028 1506 1283 1548 crassiuscula,
1321 1510 1482 1548 tartarea,
1513 1506 1794 1550 suborbiculari,

172 1566 353 1614 contigua,
388 1563 767 1613 (lepresso-grauulata
793 1564 813 1600 l.
843 1565 1239 1608 verrucoso-areolata,
1269 1564 1697 1608 olivaoeo-fuscescente,
1726 1565 1794 1614 hy-

171 1624 326 1674 pothallo
356 1624 457 1671 nigro
487 1623 653 1671 imposita
681 1628 715 1658 et
742 1623 903 1665 limitata;
931 1624 1128 1673 apotlieciis
1159 1624 1328 1667 emersis,
1356 1624 1600 1673 planiusculis,
1631 1625 1794 1661 centrali-

171 1684 253 1726 bus,
281 1683 379 1724 atris,
409 1682 569 1731 margine
598 1681 754 1717 thallode
781 1683 971 1725 tumidulo,
1011 1684 1239 1732 persistente,
1267 1683 1418 1735 integro.

323 1751 418 1801 Syn.
474 1751 602 1785 Licben
641 1751 802 1799 sophocles
845 1752 944 1787 Ach.
968 1752 1088 1787 Prodr.
1122 1767 1154 1800 p.
1189 1752 1247 1789 67.
1276 1775 1321 1779 -
1348 1753 1530 1787 Parmelia
1555 1752 1654 1788 Ach.
1682 1751 1791 1787 Meth.

221 1825 253 1860 p.
285 1811 354 1845 155
400 1814 466 1856 (a),
507 1810 571 1845 Fr.
600 1809 638 1844 L.
674 1810 714 1845 E.
756 1824 787 1858 p.
829 1810 898 1845 149
939 1814 999 1859 (u).
1030 1834 1075 1837 ——
1104 1812 1286 1846 Lecanora
1313 1812 1473 1860 sophocles
1502 1810 1601 1846 Aeli.
1634 1810 1731 1847 Univ.
1759 1826 1791 1860 p.

223 1870 293 1906 357
323 1873 373 1917 (α)
401 1876 434 1904 et
461 1868 545 1918 Syn.
571 1883 601 1917 p.
633 1869 702 1903 153
732 1872 779 1919 (p.
809 1884 891 1905 max.
926 1875 1041 1918 pairh),
1072 1871 1238 1907 Schaer.
1266 1870 1387 1906 Enum.
1421 1884 1452 1918 p.
1478 1871 1525 1906 70
1554 1872 1603 1919 (p.
1635 1871 1707 1919 p.)?

327 1945 500 1979 Rinod‘zssna
529 1943 656 1979 albam
684 1948 709 1979 ὅ.
740 1943 946 1980 orbicularis
971 1945 1094 1981 Mass.
1121 1945 1219 1980 Rich.
1246 1959 1278 1993 p.
1302 1945 1357 1980 16.

321 2016 494 2050 Βίηοᾶίηα
522 2015 638 2050 homa
664 2015 815 2051 Koerb.
845 2015 910 2064 Pg.
940 2031 971 2065 p.
996 2017 1052 2052 71.

320 2087 413 2123 Exs.
468 2087 508 2123 L.
538 2087 599 2123 Su.
630 2103 658 2122 n.
688 2088 841 2123 2521—
862 2088 993 2124 Mass.
1027 2103 1055 2123 n.
1088 2087 1162 2122 216
1189 2087 1275 2131 (salt.
1305 2089 1335 2121 in
1354 2100 1428 2121 meo
1446 2086 1617 2135 exempl).
1635 2086 1788 2122 —Arn.

224 2161 252 2181 u.
282 2145 313 2181 3.

299 2253 322 2281 1)
347 2250 420 2278 Haec
443 2261 550 2288 quoque
573 2251 688 2279 fortasse
720 2256 762 2279 est.
785 2251 882 2278 Florae
915 2253 1026 2277 nostrae
1059 2251 1140 2283 civis3
1164 2251 1189 2276 in
1215 2250 1288 2277 herb.
1312 2251 1427 2277 Smrft,
1450 2250 1552 2277 adsunt
1575 2249 1646 2276 enim
1670 2250 1795 2286 specimi-

174 2299 236 2326 nula
258 2299 390 2336 quaedam
414 2299 457 2326 '’iu
482 2300 593 2336 rupibus
616 2301 743 2328 calcareis
761 2302 792 2328 ad
808 2300 918 2327 Rode&
933 2300 1015 2331 lecta,
1029 2309 1098 2336 quae
1114 2299 1183 2326 liaud
1198 2299 1356 2331 dissimilia,
1370 2299 1416 2326 sed
1431 2299 1510 2326 nimis
1525 2308 1620 2325 manca
1634 2302 1706 2326 sunt.
1731 2299 1795 2326 Pro-

177 2352 272 2375 ventus
295 2348 374 2374 etiam
399 2358 430 2376 eo
454 2349 626 2377 verisimilior
649 2354 697 2381 est,
720 2350 792 2387 quod
817 2350 849 2377 cl.
874 2349 1057 2385 Nylantlei·
1080 2348 1185 2379 (Prodr.
1209 2358 1233 2384 p.
1260 2350 1325 2380 140)
1349 2348 1418 2376 lianc
1440 2348 1563 2385 planiam
1588 2347 1708 2375 declarat
1737 2358 1794 2375 csse

176 2396 317 2424 identicam
342 2407 402 2425 cum
430 2408 479 2426 sua
512 2400 633 2425 Homalm
665 2403 807 2434 saqeclioizle
830 2399 856 2426 in
890 2399 952 2426 Bot.
978 2399 1041 2426 Not⁴
1070 2401 1144 2426 1854
1169 2408 1193 2434 p.
1218 2399 1253 2424 87
1277 2397 1359 2434 (quod
1382 2402 1473 2425 tamen
1499 2397 1617 2424 maxime
1647 2396 1712 2424 inihi
1746 2397 1794 2424 du-

177 2445 263 2473 bitare
285 2446 363 2473 liceat
385 2447 419 2474 ob
443 2448 588 2475 stationem
613 2447 663 2475 ”ad
689 2448 806 2476 terram''
829 2449 955 2480 allatarum
981 2458 1071 2476 nonne·-
1095 2448 1186 2484 potius
1208 2452 1249 2473 est
1279 2448 1426 2474 mammona
1453 2449 1612 2479 πίηιὶιοεαὲ),
1637 2447 1664 2473 iu
1688 2446 1795 2483 alpibus

177 2494 363 2522 Dovrensibus
395 2496 472 2524 lecta.
494 2512 530 2518 —
556 2497 631 2524 Inter
665 2502 821 2525 commenta
856 2498 1003 2526 Botanices
1037 2498 1157 2534 speciosa
1193 2497 1361 2524 numeranda
1400 2500 1441 2523 est
1470 2496 1574 2523 theoria
1603 2505 1622 2523 s.
1658 2495 1796 2530 conjectu-

179 2552 206 2569 ra
230 2543 274 2570 illa
299 2544 516 2579 miamin-rinna,
541 2547 689 2572 [linostimam
714 2550 887 2573 Iecuoiorinam
912 2557 964 2574 non
989 2552 1166 2574 autonomatn
1192 2556 1250 2573 esse
1273 2546 1410 2581 plantam,
1430 2545 1474 2572 sec]
1494 2544 1706 2572 ''l'orinaliouem
1726 2549 1795 2574 (cum

179 2593 275 2618 Ruellia
297 2596 412 2624 saxatili)
435 2594 578 2629 analogam
602 2599 629 2621 et
653 2595 695 2622 rix
718 2595 863 2629 diversam,
886 2596 919 2624 ad
938 2598 1106 2623 Verrucartas
1119 2597 1261 2623 terrestres
1273 2599 1300 2622 et
1312 2594 1552 2630 saxicolas,sup=·a
1567 2593 1680 2620 thallum
1695 2602 1797 2625 earum,

177 2641 373 2668 admiscentem
396 2642 436 2669 vel
461 2642 552 2679 potius
580 2643 766 2676 innatam.’‘(!)

1611 2696 1659 2730 <29
1680 2714 1693 2728 il
