2379 3188
1640 256 1719 298 ’129

161 368 262 403 riente
279 368 384 414 primo
400 365 513 404 habui,
541 362 599 398 sed
628 375 727 410 quum
756 362 989 397 diversissimis
1015 360 1097 394 locis
1129 373 1189 394 una
1216 365 1408 395 crescentes
1436 375 1546 409 neque
1580 363 1662 398 ullos
1686 370 1772 399 tran-

161 428 240 461 situs
268 425 420 464 viderim,
452 422 511 457 secl
549 428 719 468 utramque
755 423 817 467 jam
846 434 887 455 ex
914 419 1020 454 infima
1051 419 1145 466 prole
1171 433 1249 454 mox
1271 418 1471 461 distinctam,
1499 434 1563 455 non
1588 423 1680 468 potui
1707 436 1773 458 non

161 485 243 519 lianc
279 490 310 518 ut
343 482 554 530 subspeciem
581 481 749 527 propriam
779 491 981 526 agnoscere,
1007 492 1146 526 sperans
1174 479 1296 513 l'ructus
1325 479 1400 512 olim
1429 479 1581 514 inventos
1610 481 1690 522 sore,
1718 484 1772 529 qui

161 545 256 589 longe
285 543 414 589 lateque
442 540 633 574 distributae
662 538 760 584 liujus
792 538 920 585 plantae
946 537 1134 583 dignitatem
1159 538 1349 585 specificam
1374 539 1507 572 omnino
1522 538 1708 575 defendant.
1727 562 1771 569 -—

161 602 194 636 ln
236 601 387 635 herbario
431 599 549 633 diutins
589 604 756 632 asservata
797 597 942 631 chartam
984 598 1124 632 rubente
1167 598 1260 643 tingit
1294 596 1426 638 colore,
1463 611 1525 646 qua
1563 611 1597 633 re
1629 613 1645 632 a
1671 601 1771 646 priori

159 662 253 696 etiam
280 659 393 694 differt.

609 775 649 815 [ι.
710 774 998 816 Cornicularia
1029 775 1143 816 Aah.
1176 774 1327 815 emend.

307 871 451 908 Thallus
475 869 741 910 teretiusculus‚
768 870 926 919 undique
956 870 1133 912 similaris,
1161 871 1253 907 intus
1283 871 1366 908 laxe
1395 872 1603 915 fib1·illosus;
1624 874 1772 923 apothe-

158 932 210 968 cia
236 930 447 972 terminalia,
476 928 736 977 peltneformia,
764 929 990 969 concoloria;
1017 929 1276 979 hypothecium
1308 944 1468 968 crassum
1498 938 1607 969 strato
1633 934 1771 970 medul-

157 992 219 1028 lari
245 990 462 1038 impositum;
489 1000 620 1036 sperae
648 992 818 1030 octonae,
846 988 1044 1037 simplices,
1072 989 1369 1038 subellipsoidae‚
1400 990 1577 1040 liyalinae.

304 1061 380 1096 Hoc
409 1073 529 1107 genus,
566 1059 685 1094 eodem
724 1059 825 1094 modo
855 1061 946 1095 acin
979 1059 1135 1095 Koerli.
1164 1059 1258 1110 Syst.
1287 1075 1318 1109 p.
1349 1061 1370 1097 7
1399 1070 1431 1097 et
1455 1063 1519 1111 ΡΞ.
1548 1078 1580 1112 p.
1608 1065 1629 1099 f)
1656 1066 1770 1101 limita-

159 1129 240 1162 tum,
268 1122 345 1155 satis
371 1119 515 1155 naturale
553 1118 699 1160 videtur,
740 1132 940 1167 quamqualn
980 1121 1113 1167 species
1154 1122 1225 1167 ejus
1263 1121 1304 1155 al)
1336 1121 1405 1156 aliis
1443 1125 1635 1159 auctoribus
1663 1125 1772 1160 diver-

154 1181 198 1215 sis
222 1180 399 1227 generibus
432 1184 505 1213 sunt
539 1178 742 1225 dispertitae.
797 1176 857 1212 Sic
886 1192 914 1213 v.
946 1192 974 1213 c.
1004 1192 1020 1213 a
1049 1180 1088 1213 cl.
1119 1178 1343 1228 Nylander
1370 1183 1473 1229 prima
1500 1190 1611 1217 nostra
1638 1186 1771 1231 species

155 1240 351 1279 Alectorizsss,
381 1237 525 1272 secunda
564 1236 735 1272 Cetrarzssis
765 1243 797 1271 et
822 1239 914 1272 tertia
948 1239 1131 1273 Par-meliis
1157 1239 1355 1275 adscribitur
1379 1242 1398 1275 i.
1428 1254 1455 1275 e.
1487 1255 1551 1276 non
1582 1243 1688 1277 solum
1717 1246 1770 1279 tri—

154 1300 213 1334 bus
229 1299 406 1345 generibus
438 1296 497 1332 sed
527 1297 622 1331 etiam
652 1296 789 1331 totidem
820 1298 932 1331 tribus.
997 1297 1041 1332 Ut
1071 1300 1134 1344 jani
1162 1300 1353 1334 observavit
1382 1298 1453 1334 Cel.
1488 1300 1604 1336 Koer
1616 1303 1700 1343 ber,
1729 1303 1769 1337 ad

157 1358 351 1395 Cetrarmm
380 1370 454 1391 sese
482 1355 582 1390 habet
611 1362 643 1390 ut
668 1356 843 1391 Alector-zia
871 1356 911 1390 ad
940 1357 1138 1392 Erernlam.

305 1444 333 1477 1.
388 1446 420 1478 C.
456 1443 633 1487 devergens
675 1440 798 1476 Ach.:
825 1440 932 1477 thallo
969 1441 1215 1487 oartilagineo,
1245 1443 1465 1491 cwspitoso,
1494 1444 1626 1486 libero,
1654 1445 1769 1495 rigido

151 1501 351 1551 fragilique,
381 1499 562 1549 angulato,
592 1499 1040 1549 divergenti-dichotomo,
1073 1500 1215 1543 inermi,
1246 1506 1432 1545 castaneo,
1464 1503 1767 1547 albo-sorediato,

151 1561 242 1596 intus
269 1566 437 1608 stuppeo,
466 1558 626 1607 apicibus
654 1559 858 1600 attenuatis,
887 1558 1048 1601 fu1·catis;
1076 1559 1294 1608 ''apotheciis
1329 1561 1664 1607 innato-sessilibus,
1693 1577 1770 1601 cre—

153 1619 296 1659 nulntis,
326 1619 426 1653 disco
456 1618 656 1654 castaneo.’'

299 1690 395 1739 Syn.
455 1689 698 1726 Cornicularia
726 1691 903 1736 divergens
932 1690 1035 1726 Aeli.
1064 1690 1172 1726 Meth.
1200 1706 1231 1740 p.
1265 1693 1355 1734 3023,
1387 1692 1484 1728 Univ.
1513 1708 1545 1742 p.
1576 1695 1664 1737 643,
1685 1694 1767 1745 Syn.

203 1763 235 1797 p.
265 1750 356 1791 300,
387 1749 559 1786 Scllaer.
601 1748 720 1783 Enuui.
750 1763 781 1797 p.
809 1751 847 1791 5,
883 1750 1042 1786 Koerb.
1078 1750 1141 1798 Pg.
1179 1765 1209 1799 p.
1238 1752 1270 1786 6.
1302 1774 1347 1779 -
1375 1752 1502 1787 Lsclaen
1532 1752 1684 1801 Vang.
1715 1753 1766 1789 Fl.

204 1808 314 1856 Lapp.
345 1823 375 1856 p.
404 1809 485 1843 439.
526 1832 561 1835 -
592 1809 746 1843 ΕιἐΓ7ιιἀ
774 1809 839 1844 Fr.
870 1808 910 1844 L.
935 1809 976 1844 E.
1008 1824 1040 1857 1».
1067 1810 1124 1844 ²21.

303 1880 396 1915 Exs.
450 1880 544 1916 Lich.
574 1880 633 1916 Su.
664 1895 732 1917 exs.
758 1897 788 1917 n.
818 1882 901 1917 331.
935 1904 979 1909 —
1014 1882 1154 1918 Smrst.
1184 1898 1213 1918 n.
1245 1884 1325 1919 15·l.

298 1956 392 1992 Inter
418 1956 505 1993 alios
533 1957 708 1999 lichenes,
739 1958 798 2008 qui
826 1971 975 2007 campos
1002 1959 1141 2007 alpinos
1170 1965 1307 2005 tegunt,
1338 1973 1403 2008 per
1417 1964 1525 1996 totam
1546 1973 1674 1996 zonam
1692 1973 1769 1996 arc-

150 2014 252 2049 ticam
278 2014 464 2063 frequens,
492 2017 557 2052 sed
586 2018 764 2053 rarissime
794 2018 905 2053 modo
935 2018 1125 2054 fructifera.
1179 2019 1218 2054 ln
1249 2018 1494 2054 Groenlundia
1521 2019 1566 2054 ad
1592 2021 1664 2055 500
1686 2020 1768 2068 ped,

152 2085 259 2121 supre
299 2086 396 2109 mare
437 2075 623 2111 adscendit
665 2077 710 2124 (J.
751 2075 880 2125 Vahl)
916 2082 951 2112 et
987 2077 1021 2113 in
1054 2077 1117 2113 ins.
1156 2077 1285 2126 Spitsb.
1314 2078 1406 2125 (Bell
1436 2078 1554 2127 Sund)
1582 2091 1696 2127 usque
1723 2079 1768 2114 ad

159 2133 248 2166 1000
277 2132 356 2180 ped.
385 2132 690 2182 (Nordenskj.)

302 2201 421 2238 Thallo
464 2206 667 2247 robustiore,
695 2207 819 2248 altiore,
861 2208 964 2254 magis
1006 2208 1098 2242 tereti
1134 2214 1166 2242 et
1194 2210 1327 2242 omnino
1356 2209 1470 2243 inermi
1495 2223 1510 2243 a
1541 2210 1768 2257 subsequente

153 2258 245 2294 facile
280 2262 410 2308 quidem
450 2264 663 2312 dignoscitur,
699 2265 759 2300 sed
793 2272 862 2299 toto
891 2265 1004 2300 habitu
1034 2273 1204 2313 praeterea
1234 2269 1400 2315 congruit,
1429 2282 1531 2317 qnare
1562 2269 1645 2303 nulla
1675 2276 1765 2304 certe

153 2316 246 2352 adest
286 2321 366 2354 ratio
406 2322 463 2357 has
501 2326 657 2371 generice
695 2323 902 2371 sejungendi.
960 2322 1063 2362 Quod
1091 2326 1270 2373 prohibent
1297 2340 1433 2375 quoqne
1463 2327 1649 2375 apotliecia,
1680 2341 1764 2375 quae

154 2376 284 2423 quidem
313 2386 385 2414 sunt
413 2382 574 2417 rarissima
602 2390 666 2418 eta
685 2396 735 2417 me
762 2396 940 2430 numquam
969 2385 1054 2425 visa,
1077 2385 1137 2420 sed
1161 2386 1344 2420 secundun]
1367 2386 1625 2434 descriptionem
1648 2388 1763 2434 (snpra

154 2435 241 2469 attuli
281 2436 503 2480 Friesianan13
535 2440 745 2476 Acharius
779 2442 810 2475 in
847 2440 931 2491 Syn.
959 2442 1052 2477 dicit:
1080 2442 1290 2479 ''concoloria
1319 2445 1520 2488 c1·enulata'')
1548 2459 1564 2479 a
1597 2447 1766 2493 sequentis

155 2505 218 2527 non
252 2495 436 2531 abhorrent.
492 2497 789 2547 WVahlenberg
821 2507 854 2535 et
889 2499 1104 2536 Acharius
1135 2503 1209 2539 liuic
1245 2517 1380 2553 quoque
1415 2505 1560 2538 tribuunt
1588 2504 1697 2538 locum
1729 2503 1765 2539 C.

154 2552 327 2588 aculeatae
356 2557 550 2602 proximum.

1532 2619 1609 2654 178
