2379 3188
633 266 725 308 300

732 372 822 408 Inter
849 371 1014 407 Lichenes
1041 379 1073 408 et
1099 373 1244 422 Fungos
1269 375 1421 422 ambigit,
1455 375 1514 410 illis
1543 381 1650 409 tamen
1680 374 1789 409 forsan
1819 373 1935 409 melius
1963 373 2201 416 a<lseribenda;

579 435 719 483 gelatina
744 433 907 481 hyinenea
935 431 1014 477 jodo
1043 434 1166 468 imbuta
1195 434 1403 469 coerulescit.
1457 433 1541 468 Asci
1568 434 1938 481 elongato-ventricosi‚
1955 434 2201 483 paraphysibus

580 495 652 528 laxe
684 492 957 531 cohaerentibus,
989 492 1137 534 luteolis,
1165 494 1360 541 granulatis,
1388 493 1611 533 filisormibus,
1636 507 1758 541 spor-ae
1784 494 2094 534 numerosissimae,
2123 495 2201 529 sim-

580 554 704 601 plices,
731 552 912 599 globosae,
944 551 1110 600 liyalinae‚
1139 553 1235 588 diam.
1264 555 1340 587 circ.
1368 553 1460 595 Omni}
1491 566 1566 586 mm.

733 631 766 664 2.
796 629 845 664 B.
871 634 981 663 nitens
1013 640 1045 663 n.
1077 640 1153 676 sp.:
1182 635 1300 662 crusta
1326 626 1443 667 tenui,
1470 626 1602 666 effusa,
1631 625 2202 668 albido-ciuerascente,humec-

579 693 649 724 tata
687 687 1053 723 virescente-cinerea
1081 690 1116 722 et
1142 685 1411 735 subgelatiuosa
1444 685 1463 720 l.
1506 684 1690 725 subnulla,
1732 683 1943 733 hypothallo
1975 686 2202 727 indistincto:

580 747 779 796 apotheciis
810 745 947 781 adnatis
974 745 993 781 l.
1021 744 1221 793 adpressis,
1261 756 1350 779 mox
1380 743 1768 791 depresso-convexis,
1797 744 1895 785 atris,
1924 745 2059 787 nitidis,
2089 745 2203 781 humi-

580 807 634 842 dis
662 805 961 854 atrosanguiueo-
990 803 1009 839 l.
1036 803 1374 852 summinio-nigris,
1403 802 1525 843 nudis,
1554 802 1823 847 immarginatis.

731 875 828 925 Syn.
860 875 1006 909 Lecldea
1025 874 1203 922 pellucicla
1230 891 1254 917 y.
1283 871 1470 907 obscurella
1499 871 1640 907 Smrft.
1668 872 1787 921 Suppl.
1819 888 1851 921 p.
1884 875 1947 909 161
1981 876 2030 922 (p.
2058 876 2115 922 p).

728 943 789 978 Ad
815 942 909 986 ligna
937 944 1076 976 vetusta
1103 939 1299 975 fabrefacta
1328 939 1535 987 Lappouiae
1564 940 1764 975 Torneusis
1790 940 1969 976 inferioris
1997 942 2092 988 (ivn
2103 941 2124 976 b
2136 945 2204 991 g.)‚

583 1003 758 1039 similibus
798 1000 887 1036 locis
924 999 1019 1035 circa
1059 999 1233 1047 Bosekop
1259 998 1371 1034 Finm.
1407 998 1642 1034 occidentalis
1672 1000 1718 1045 (J.
1741 998 1872 1047 vahl)
1903 1005 1937 1035 et
1964 1000 2009 1035 ad
2036 1013 2204 1049 squamas

581 1061 724 1098 corticis
754 1059 830 1096 Piui
857 1058 1044 1107 sylvestris
1068 1058 1103 1094 in
1133 1057 1314 1094 Saltdaleu
1340 1057 1584 1093 Nordlandiae
1615 1059 1775 1105 (Smrft.
1806 1058 1932 1105 herb).

730 1133 820 1168 Huic
848 1134 1057 1181 potissimum
1086 1133 1202 1179 generi
1223 1131 1444 1167 adscribenda
1471 1132 1545 1166 mihi
1574 1133 1642 1166 visa
1673 1139 1723 1167 est
1747 1146 1832 1167 uox-a
1860 1132 1943 1167 baec
1974 1134 2123 1179 species,
2148 1132 2206 1166 ha-

581 1195 651 1229 bitu
681 1199 818 1228 externo
847 1192 1031 1227 Lecideam
1060 1192 1226 1232 reserens,
1259 1191 1319 1225 sed
1349 1191 1537 1225 humectata
1565 1191 1708 1225 indolem
1740 1192 1934 1226 biatorinam
1964 1192 2134 1227 exbibens.
2158 1213 2204 1218 —

579 1253 636 1288 Ad
665 1253 900 1299 Sarcogynem
927 1258 1100 1299 praeterea
1129 1264 1195 1285 non
1223 1257 1335 1298 potest
1364 1250 1477 1285 referri
1506 1251 1550 1284 ob
1579 1250 1713 1285 thallum
1737 1252 1838 1298 vulgo
1866 1252 2054 1286 distinctum
2076 1253 2136 1286 etsi
2156 1257 2205 1286 te-

580 1313 795 1352 nuissimum,
822 1311 998 1359 apotliecia
1027 1324 1103 1344 mox
1131 1322 1280 1344 convexa
1310 1316 1342 1343 et
1370 1310 1611 1357 iulium-ginata,
1640 1311 1794 1358 excipulo
1823 1310 1945 1358 duplici
1975 1313 2090 1346 orbata
2119 1325 2146 1346 e.
2177 1326 2202 1346 s.

582 1386 613 1419 p.
666 1370 734 1405 Pro
778 1371 980 1417 Sarcogyne
1013 1369 1169 1418 pinicola
1205 1368 1331 1403 Mass.
1369 1371 1416 1413 (in
1446 1368 1554 1404 Lotos
1587 1369 1682 1403 1856
1711 1384 1742 1418 p.
1772 1370 1834 1415 78)
1863 1373 1970 1418 primo
1997 1371 2113 1413 habui,
2144 1370 2205 1406 sed

580 1432 761 1479 specimina
791 1431 831 1464 ab
861 1430 969 1464 Amic.
999 1428 1348 1476 Krempelhuber
1375 1430 1615 1463 couuuunicata
1649 1429 1781 1464 abunde
1811 1430 2095 1471 demonstrarunt,
2121 1430 2206 1465 hanc

582 1490 668 1525 bene
697 1502 772 1523 esse
814 1490 994 1530 diversam,
1023 1489 1084 1523 etsi
1112 1488 1154 1522 ad
1194 1487 1428 1522 Biatorellam
1457 1501 1566 1536 neque
1601 1488 1836 1536 Sarcogynem
1870 1491 1910 1524 sit
1946 1489 2129 1525 reserenda.
2159 1510 2204 1515 —

585 1548 776 1597 Apolliecia
815 1550 955 1590 minuta,
983 1561 1060 1582 mox
1100 1560 1249 1582 convexa
1279 1553 1311 1582 et
1346 1560 1449 1595 saepe
1477 1547 1587 1582 medio
1627 1548 1807 1596 depressa,
1839 1549 2034 1583 orbicularia
2065 1550 2083 1584 l.
2114 1550 2205 1583 vario

580 1608 682 1643 modo
726 1608 1040 1655 anguloso-loliani,
1070 1606 1203 1641 demum
1237 1606 1397 1641 ‹lifformia
1428 1612 1460 1641 et
1488 1620 1687 1648 verrucosa,
1716 1621 1852 1655 semper
1883 1608 1992 1643 nitida.
2045 1608 2128 1643 Asci
2155 1607 2203 1642 in-

580 1667 795 1702 flato-clavati
823 1667 841 1701 l.
871 1666 1311 1712 elonga[o-subventricosi,
1350 1665 1596 1714 paraphysibus
1638 1666 1860 1707 liliformibus,
1899 1667 2206 1715 conglutinam-co-

581 1727 811 1767 haerentibus,
842 1726 997 1774 liyalinis,
1022 1726 1117 1772 apice
1142 1726 1331 1760 incrassatis
1360 1725 1739 1773 coerulescentibusque
1764 1728 1877 1767 cincti;
1906 1740 2029 1775 sporae
2050 1739 2207 1761 numero-

582 1787 748 1825 sissimae,
770 1785 952 1832 globosae,
978 1785 1162 1831 simplices,
1190 1784 1508 1833 luteolo-liyalinae,
1536 1786 1729 1826 atoniariae,
1760 1785 1914 1826 Omne—3
1942 1800 2017 1820 mm.
2049 1787 2125 1821 circ.
2152 1785 2206 1820 di—

583 1852 708 1880 ametro
733 1847 915 1879 metientes.
970 1842 1123 1878 Gelatina
1151 1843 1314 1892 liyineuea
1346 1843 1424 1891 judo
1453 1844 1576 1878 imbuta
1608 1845 1818 1879 coerulescit.

1075 1936 1144 1977 48.
1202 1937 1418 1977 Blastenia
1448 1939 1591 1979 Mass.
1623 1940 1774 1978 emend.

733 2034 881 2070 Thallus
919 2037 1142 2073 crustaceus,
1186 2032 1389 2073 uuiformis;
1430 2032 1620 2081 apothecia
1649 2032 1842 2072 biatorina.
1871 2033 2033 2082 primitus
2068 2039 2207 2082 aperta,

584 2094 755 2143 excipulo
782 2093 929 2142 proprio
956 2104 1110 2127 ceraceo
1131 2090 1294 2126 colorato
1311 2091 1472 2138 primitus
1490 2093 1845 2141 inargiiiata;sporae
1864 2092 2206 2141 polari-dyblastae,

584 2153 764 2190 ovoideae
788 2153 807 2189 l.
837 2152 1038 2201 oblongae,
1066 2149 1300 2186 incoloratae.

734 2224 871 2265 Genus,
910 2230 944 2258 ut
980 2224 1112 2270 jamjam
1153 2222 1258 2263 attuli,
1285 2235 1303 2256 a
1337 2221 1526 2269 Caloplaca
1554 2223 1641 2256 notis
1672 2229 1722 2256 sat
1749 2223 1843 2269 vagis
1870 2221 2077 2263 distinctum,
2105 2236 2207 2270 quare

585 2286 682 2319 etiam
710 2284 823 2331 plures
850 2284 983 2330 species
1012 2282 1087 2316 huic
1113 2281 1304 2328 adscriptae
1331 2287 1420 2321 sunt,
1447 2294 1529 2328 quas
1559 2281 1600 2315 ad
1632 2280 1855 2329 Caloplacam
1886 2282 1989 2317 retuli.
2024 2282 2206 2317 Blastenia

584 2346 626 2378 ita
657 2357 694 2378 ac
721 2343 785 2377 hoc
815 2343 891 2376 loco
918 2342 1047 2376 limitata
1075 2340 1286 2388 distinguitur
1316 2341 1498 2387 praecipue
1539 2339 1724 2387 apotlieciis
1750 2352 1885 2387 semper
1913 2353 1991 2374 vere
2020 2341 2206 2381 biatorinis,

586 2405 649 2450 jam
677 2403 766 2436 initio
797 2402 921 2449 apertis
949 2406 981 2435 et
1008 2413 1186 2447 numquam
1214 2400 1362 2446 margine
1388 2397 1533 2432 thallode
1560 2396 1738 2433 instructis.

738 2474 767 2506 1.
795 2471 854 2506 ΒΖ.
886 2471 1062 2506 leucorum
1089 2468 1236 2513 (Ach.):
1267 2472 1384 2504 crusta
1415 2467 1835 2516 grauulato-verrucosa,
1865 2468 2207 2505 cinerasceuti-albi-

588 2530 648 2572 da,
676 2543 756 2565 cum
788 2528 999 2578 hypotliallo
1026 2528 1193 2564 confusa:
1232 2526 1429 2576 apotheciis
1458 2526 1617 2568 minutis,
1645 2526 1745 2562 disco
1772 2527 1932 2575 primitus
1962 2528 2088 2576 plano,
2118 2541 2206 2565 mox

587 2601 757 2625 convexo
782 2588 802 2624 l.
830 2587 1075 2637 subgloboso,
1105 2585 1455 2635 fulvo-ferrugineo,
1483 2585 1817 2635 ferrugineo-fusco
1843 2586 2064 2636 demumque
2087 2587 2208 2624 susco-

588 2648 799 2698 nigricaute,
829 2647 990 2696 margine
1018 2646 1206 2682 concolori
1230 2657 1318 2681 mox
1348 2644 1511 2682 excluso.
