2379 3188
1662 260 1740 301 111

169 370 300 406 niones
325 368 559 416 adoptabam,
595 377 747 415 quarum
781 368 900 400 tamen
928 367 1063 399 tantum
1091 363 1194 398 abest
1224 367 1261 398 ut
1288 376 1354 411 pro
1387 363 1567 399 obstinato
1593 377 1798 414 propugna-

172 434 251 464 tore
277 433 311 463 et
341 427 535 462 defensore
565 437 622 460 me
649 436 732 459 esse
760 422 967 458 habendum
998 421 1219 462 concedam,
1257 427 1294 457 ut
1322 423 1537 457 continuatis
1574 422 1799 458 observatio-

172 487 276 522 nibus
304 498 349 521 eo
379 484 473 520 haud
499 483 609 519 dubie
638 483 716 518 fore
746 481 830 516 olim
859 485 1090 529 perventum,
1118 485 1154 516 ut
1181 481 1283 529 plura
1316 493 1460 522 eorum,
1491 493 1584 530 quae
1613 493 1709 516 nunc
1736 492 1799 529 ge-

170 557 256 580 nera
283 543 513 592 appellantur,
543 541 609 577 hac
639 540 809 589 dignitate
838 544 1026 582 exuantur,
1059 552 1079 575 e
1107 540 1289 575 contrario
1320 552 1499 576 censeam.

318 603 410 638 Tum
448 601 494 636 de
526 600 664 636 ratione
695 599 730 634 in
759 597 954 646 speciebus
982 598 1174 634 tractandis
1205 598 1363 634 adhibita
1391 611 1504 647 panca
1534 598 1655 633 forsan
1685 610 1802 646 opor—

170 666 240 698 teat
278 661 469 709 disputare.
534 661 614 704 Qua
646 658 680 693 in
714 670 753 692 re
787 670 860 692 non
888 657 1009 693 verbis
1037 657 1149 692 modo
1177 657 1364 699 assentior,
1395 670 1521 693 verum
1552 670 1666 706 opere
1695 657 1800 692 etiam

169 720 341 769 factisque
367 719 486 755 studui
527 717 674 767 regulae
718 716 766 752 illi
807 716 1081 764 obtemperare,
1112 729 1241 752 omnes
1265 717 1358 752 inter
1385 717 1527 765 species
1555 729 1637 752 esse
1667 715 1802 751 formas

172 779 427 819 numerandas,
466 778 585 813 donec
622 775 707 811 clari
741 780 848 824 atque
882 776 1071 811 evidentes
1105 776 1272 812 transitus
1299 775 1498 825 arguerint,
1528 788 1609 810 cum
1636 774 1712 810 aliis
1741 787 1802 810 eas

171 851 210 874 re
238 851 322 874 vera
351 837 546 873 confluere.
602 834 766 870 Efficitm·
800 847 863 876 eo,
894 840 930 870 ut
957 835 1267 883 quemadmodum
1284 835 1482 883 ”systema
1505 834 1604 883 quod
1622 846 1694 869 uno
1713 838 1804 869 tem-

172 910 263 946 pore
306 896 463 932 naturale
508 894 658 935 videtur,
698 894 813 929 auctis
854 893 1173 930 observationibus
1212 893 1245 929 in
1281 907 1391 929 unum
1420 893 1591 936 redactis,
1620 892 1802 928 artificiale

172 956 322 997 evadit'',
359 955 492 991 eodem
527 953 657 994 modo,
685 965 773 1001 quas
803 952 985 988 distinctas
1011 966 1106 988 nunc
1134 953 1277 1001 species
1305 958 1487 1001 putamus,
1517 952 1710 1001 aliquando
1740 964 1803 987 ne-

172 1027 275 1050 ccsse
314 1014 392 1049 fieri
435 1012 550 1061 possit
590 1035 638 1040 —
674 1016 709 1047 et
743 1012 856 1047 auctis
884 1011 937 1047 his
966 1011 1052 1060 ipsis
1080 1011 1398 1047 observationibus
1427 1034 1473 1038 -κ
1503 1011 1653 1046 abolere
1680 1011 1803 1046 aliisve

172 1073 411 1122 subjungere,
453 1071 553 1120 quod
594 1075 712 1107 tamen
752 1083 873 1119 neque
912 1070 994 1106 huic
1029 1084 1098 1106 nec
1133 1071 1180 1106 illi
1208 1071 1372 1119 scriptori
1401 1070 1528 1118 culpae
1557 1069 1800 1106 tribuendum.

171 1133 294 1181 Itaque
327 1143 399 1166 nou
439 1130 552 1180 magis
588 1129 812 1172 collectivas,
850 1142 939 1178 quas
974 1130 1112 1171 dicunt,
1150 1130 1309 1178 species,
1339 1130 1375 1165 in
1411 1142 1500 1177 quas
1528 1129 1676 1177 praevio
1705 1128 1803 1164 omni

175 1190 344 1227 examine
372 1189 507 1225 omisso
534 1189 660 1224 affines
692 1201 820 1223 omnes
850 1188 1162 1237 (leterminatutpie
1193 1188 1381 1237 ambiguas
1413 1188 1548 1224 formas
1583 1199 1803 1223 coacervare

171 1251 289 1291 liceat,
327 1248 579 1298 agnoscendas
615 1247 728 1283 credo
755 1252 790 1282 et
820 1247 1049 1295 recipiendas
1079 1260 1177 1289 esse,
1216 1260 1321 1296 quam
1352 1247 1681 1294 multiplicationem
1708 1245 1802 1281 illam

173 1309 376 1358 specierum
405 1307 630 1356 probandam
661 1312 696 1342 et
720 1306 943 1347 imitandam,
974 1319 1021 1342 ex
1051 1306 1242 1342 aberrante
1270 1305 1497 1354 speciminuli
1522 1305 1711 1352 cujusdam
1742 1304 1804 1340 ha-

171 1369 244 1405 bitu
272 1367 390 1404 solum
416 1366 646 1415 pendentem.
675 1388 727 1393 -—
755 1365 871 1414 Larga
901 1365 1132 1413 utplurimum
1161 1365 1383 1413 specierum,
1413 1365 1458 1399 de
1494 1364 1624 1412 quibus
1653 1363 1804 1399 mentio-

172 1440 254 1464 nem
282 1426 369 1467 feci,
401 1425 504 1473 copia
532 1423 618 1460 mihi
646 1424 901 1472 suppeditavit,
930 1437 998 1460 nec
1027 1429 1150 1472 aperte
1179 1424 1224 1459 (le
1253 1436 1310 1459 me
1339 1424 1418 1471 ipso
1450 1423 1661 1471 praedicare
1679 1422 1804 1458 dubito

172 1487 280 1535 (absit
313 1485 445 1521 invidia
476 1483 638 1532 verbol),
675 1483 894 1532 singularem
920 1483 962 1519 iis
991 1482 1227 1531 explorandis
1254 1482 1464 1517 industriam
1500 1495 1723 1531 operamque
1748 1493 1806 1516 me

173 1544 409 1594 impendisse,
438 1555 549 1592 quare
576 1543 621 1578 (le
649 1542 756 1578 variis
782 1542 907 1578 formis
936 1542 1129 1590 opiniones
1156 1546 1281 1577 nactus
1314 1554 1410 1583 sum,
1435 1541 1493 1583 iis,
1514 1554 1606 1590 quae
1621 1553 1717 1576 nuuc
1731 1540 1807 1576 vul-

175 1616 280 1654 gares
306 1607 405 1645 sunt,
437 1601 644 1638 contrarias.
676 1602 777 1646 Quas
803 1606 922 1637 tamen
951 1602 1097 1638 minime
1127 1602 1293 1650 cuiquam
1324 1600 1523 1636 obtrudere
1544 1601 1579 1635 in
1596 1601 1716 1636 animo
1736 1604 1807 1640 est;

178 1675 293 1699 meam
336 1674 482 1711 quoque
521 1660 737 1710 quibusdam
778 1659 868 1695 locis
910 1661 1078 1709 posuisse
1106 1660 1318 1696 sententian]
1345 1659 1501 1707 juvabit,
1530 1659 1575 1695 de
1605 1672 1674 1708 qua
1702 1671 1807 1694 suum

177 1722 342 1771 quisque,
388 1720 535 1769 proprio
576 1719 684 1755 nixus
726 1732 849 1755 rerum
885 1720 1072 1761 examine,
1101 1719 1279 1767 judicium
1309 1718 1478 1767 proferat.
1533 1719 1717 1754 Interdum
1748 1717 1807 1753 ubi

176 1793 292 1816 meam
325 1779 437 1827 ipsius
472 1792 545 1815 non
579 1779 664 1815 satis
699 1792 782 1815 esse
819 1779 995 1828 opinabar
1022 1779 1301 1827 experientiam,
1331 1778 1377 1814 ad
1410 1779 1507 1825 ejus,
1537 1778 1596 1826 qui
1622 1778 1695 1813 fide
1725 1776 1809 1812 mihi

178 1839 406 1889 dignissimus
432 1838 631 1880 videbatur,
661 1839 819 1874 auctoris
846 1838 1059 1874 sententiam
1089 1850 1147 1873 me
1178 1837 1354 1886 applicavi
1380 1843 1415 1872 et
1439 1836 1671 1872 conformavi.

323 1897 525 1933 varietates
557 1911 704 1947 quoque
735 1898 867 1946 excepi
895 1902 930 1933 et
955 1897 1148 1945 descripsi,
1182 1897 1248 1932 sed
1271 1897 1445 1945 exiguum
1467 1900 1809 1931 tantumnumerum

176 1968 244 1992 nec
277 1955 343 1991 nisi
378 1956 573 1992 recedente
607 1956 730 1993 habitu
767 1957 984 2005 conspicuas
1023 1956 1100 1998 vel,
1138 1956 1219 2004 quia
1254 1955 1375 2005 magni
1403 1955 1449 1990 ad
1472 1954 1732 2004 synonymiam
1757 1953 1810 1988 in-

179 2014 444 2063 terpretandam
486 2020 568 2051 sunt
612 2029 714 2059 usus,
759 2016 949 2052 notabiles.
1017 2015 1303 2063 ''Conspurcavit
1343 2014 1456 2063 magis
1497 2013 1726 2054 Botanicen',
1764 2011 1812 2047 ait

177 2074 370 2114 LimzaeuS,
407 2074 634 2110 ”varietatum
671 2075 891 2111 introductio
925 2087 1032 2123 quam
1066 2074 1132 2110 alia
1160 2086 1219 2109 res
1255 2073 1340 2115 ulla,
1373 2077 1411 2108 ut
1439 2072 1506 2108 nisi
1536 2072 1638 2108 brevi
1668 2069 1811 2106 medela

180 2137 297 2168 actum
326 2132 450 2168 fuisset
475 2132 520 2168 de
548 2133 728 2169 scienda?
785 2136 889 2179 Quae
918 2133 963 2169 ad
991 2132 1206 2168 hodiernam
1229 2133 1334 2168 etiam
1350 2131 1647 2177 Lichenologiam
1666 2141 1810 2166 summo

177 2193 259 2238 jure
285 2191 532 2226 transferenda
558 2204 640 2227 esse
668 2192 798 2234 verba,
829 2192 1026 2228 dolendum
1057 2205 1144 2228 sane
1173 2196 1243 2233 est,
1270 2203 1379 2239 quum
1406 2203 1452 2226 eo
1481 2203 1596 2238 usque
1612 2189 1811 2225 aberrave—

180 2250 223 2285 rit
256 2249 464 2285 varietatum
498 2249 588 2285 haec
624 2252 859 2300 conquisitio,
895 2256 932 2288 ut
963 2252 1067 2287 unica
1102 2249 1327 2298 exemplaria
1353 2249 1631 2298 levissimaeque
1660 2260 1811 2284 caussae

180 2308 225 2344 ad
258 2320 370 2344 novas
404 2309 623 2357 separandas
659 2310 849 2346 varietates
873 2310 1067 2351 sufficiant,
1098 2309 1191 2345 adeo
1218 2313 1256 2344 ut
1282 2321 1313 2344 V.
1345 2321 1373 2343 c.
1403 2308 1439 2343 in
1469 2307 1721 2344 Cladoniae
1750 2319 1811 2342 cu-

178 2367 321 2414 jusdam
365 2367 521 2415 caespite
555 2368 763 2416 complures
787 2369 905 2417 possis
948 2369 1178 2418 propriisque
1219 2380 1347 2403 omues
1377 2367 1583 2403 nominibus
1611 2366 1811 2416 gaudentes

181 2425 405 2461 ''varietates'’
435 2425 607 2475 indagare
635 2432 670 2462 et
696 2440 902 2464 secernere.
958 2427 1125 2476 Amplius
1154 2427 1319 2475 profecto
1346 2426 1521 2462 Botanice
1548 2425 1714 2473 specialis
1737 2436 1812 2459 am-

182 2483 255 2519 bitu
283 2483 412 2519 crescit
438 2484 615 2533 latiusque
647 2485 866 2527 diffunditur,
896 2498 1002 2534 quam
1029 2490 1067 2521 ut
1095 2485 1291 2521 commode
1320 2497 1400 2520 eam
1430 2497 1533 2520 meus
1554 2484 1710 2519 humana
1724 2494 1812 2530 pos-

183 2541 227 2576 sit
259 2542 452 2590 concipere
487 2547 522 2578 et
557 2543 745 2591 amplecti,
776 2544 912 2580 nedum
940 2545 968 2580 si
994 2544 1154 2591 cujusvis
1185 2544 1228 2580 sit
1256 2543 1403 2579 arbitrio
1432 2542 1665 2590 permissum,
1695 2540 1812 2576 nomi-

186 2611 270 2634 num
298 2604 430 2636 struem
459 2613 556 2639 novo
584 2601 770 2651 inutilique
799 2602 946 2639 cumulo
975 2615 1041 2651 pro
1069 2602 1182 2638 lubitu
1215 2614 1412 2651 exaugere.
