2379 3188
618 311 707 351 10⁷1»

565 422 629 453 tes.
683 416 795 452 Plene
813 427 1004 464 exponere
1021 427 1182 463 nequeo,
1212 413 1309 450 unde
1335 417 1452 448 ortum
1482 411 1614 448 debeat
1641 412 1779 461 magica
1804 411 1863 448 illa
1888 411 1956 453 vis,
1984 424 2076 460 quae
2095 411 2190 448 haud

566 476 643 512 seio
683 488 728 511 an
767 486 963 523 numquam
999 474 1034 509 in
1059 473 1113 509 his
1140 473 1246 512 locis,
1273 485 1292 508 a
1319 476 1444 507 natura
1472 483 1621 519 prorsus
1646 471 1722 506 fere
1750 470 1939 520 neglectis,
1972 470 2191 520 cogitatione

567 539 771 571 versantem
815 532 941 582 fugere
983 532 1154 580 potuerit;
1192 531 1422 567 nihilomiuus
1449 530 1486 565 id
1514 528 1632 565 habeo
1664 530 1747 568 mihi
1773 543 2001 581 persuasum,
2028 530 2073 566 ab
2103 542 2192 565 uno-

569 606 720 643 quoque
760 604 838 627 eam
879 591 1030 639 percipi,
1062 590 1121 639 qui
1153 590 1269 625 libero
1294 595 1329 625 et
1355 590 1515 638 ingenuo
1544 589 1663 624 animo
1695 595 1842 625 naturae
1871 589 1990 625 studio
2018 602 2100 625 sese
2130 589 2193 624 de-

571 653 673 689 derit.
728 652 850 687 Grave
877 655 1061 685 certamen
1091 648 1151 685 ubi
1181 652 1375 697 pugnatur,
1404 648 1483 696 quis
1514 652 1567 682 est
1595 648 1849 695 spectantium,
1878 649 1961 696 quin
1996 648 2128 683 defixis
2154 660 2193 682 o-

571 711 660 747 culis
689 709 901 758 intentoque
927 708 1047 745 animo
1076 708 1245 743 attonitus
1272 707 1409 743 adstet?
1463 708 1583 751 Quum
1612 707 1703 741 inter
1719 714 1872 742 mortem
1897 707 2009 754 ipsam
2027 712 2061 742 et
2075 707 2194 748 vitam,

573 770 688 805 vivam
719 774 881 804 naturam
908 772 943 802 et
968 766 1152 801 materiam
1183 770 1360 800 mortuam
1387 766 1463 801 sive
1492 765 1680 801 elementis
1710 764 1954 800 saevientibus
1983 765 2194 806 obnoxiam,

572 828 799 867 seditiosam,
829 825 1072 861 turbulentam
1099 829 1255 860 certatur
1282 836 1418 873 pugna,
1457 836 1579 859 nonne
1607 824 1683 873 pari
1711 824 1823 858 modo
1852 836 2004 859 necesse
2033 829 2086 860 est
2115 825 2196 859 fiat?

575 887 781 936 Sapientem
813 884 996 919 hominem
1027 895 1149 918 11011110
1174 885 1304 930 juvare
1333 882 1460 924 debet,
1490 895 1626 931 paucos
1655 882 1734 918 illos
1763 882 1966 930 diligentius
1995 895 2197 931 cognosce-

575 959 630 987 re,
661 943 792 996 quibus
821 955 901 979 cum
927 942 1175 990 iniquissimis,
1203 941 1467 979 adversissimis
1490 941 1600 977 rebus
1628 942 1671 977 sit
1699 941 1904 976 luctandum
1931 946 1966 977 et
1984 941 2044 990 qui
2061 942 2095 976 in
2114 941 2200 989 ipsis

578 1003 701 1040 mortis
738 1007 907 1037 aeternae
938 1000 1069 1037 linibus
1099 1001 1302 1049 pertinaces
1331 1000 1400 1036 31111
1431 1004 1465 1035 01
1492 1000 1661 1047 impavidi
1688 1000 1780 1035 vitae
1810 1000 1921 1036 nuntii
1958 1005 2066 1048 atque
2094 1000 2200 1035 iuter-

578 1062 720 1111 pretes?
775 1060 881 1095 Certe
910 1060 1074 1108 quidem!
1114 1065 1148 1095 et
1176 1060 1287 1095 multo
1317 1059 1429 1108 magis
1460 1071 1567 1107 quani
1596 1059 1807 1094 innumeros
1834 1059 1933 1100 11103,
1960 1058 2200 1100 suavissimis,

581 1133 674 1170 quae
704 1124 828 1155 natura
855 1119 1042 1154 luxurians
1069 1118 1226 1167 benigna
1253 1131 1360 1164 manu
1389 1118 1552 1167 largitur,
1581 1117 1794 1153 muneribus
1821 1117 1913 1153 laete
1942 1118 2112 1154 fruentes.

733 1178 844 1222 Quod
872 1191 981 1226 supra
1003 1182 1057 1212 est
1075 1177 1236 1219 allatum,
1263 1177 1292 1213 si
1321 1177 1524 1212 universam
1540 1189 1617 1212 rem
1642 1176 1932 1219 consideramus,
1950 1177 2018 1213 late
2036 1177 2202 1212 nimirum

582 1242 691 1286 patet,
719 1249 803 1278 1100,
834 1236 930 1285 quod
954 1236 1211 1271 adBotanicen
1241 1235 1387 1284 proprie
1415 1235 1552 1277 attinet,
1581 1236 1774 1285 angustius
1830 1236 1965 1278 Rarae,
1993 1249 2081 1285 quas
2113 1248 2206 1272 zona

581 1297 709 1346 frigida
747 1295 900 1344 profert,
943 1295 1084 1343 plautae
1112 1295 1157 1331 ita
1186 1308 1271 1344 prae
1308 1295 1437 1331 ceteris
1465 1295 1622 1330 animum
1652 1295 1825 1337 alliciunt,
1854 1299 1888 1330 ut
1914 1308 2114 1343 perpaucas
2142 1295 2206 1331 has

583 1356 647 1392 rite
683 1367 793 1390 110330
824 1353 988 1389 dubitare
1016 1367 1132 1402 paene
1161 1354 1265 1390 liceat
1295 1367 1339 1390 an
1370 1353 1482 1402 magis
1510 1353 1681 1395 arrideat,
1713 1366 1816 1402 quam
1847 1353 1984 1390 ditioris
2015 1354 2206 1404 regionum

582 1413 788 1450 australium
819 1413 949 1448 Florae
976 1425 1195 1448 numerosos
1223 1413 1398 1448 alumnos.
1455 1413 1529 1447 Erit
1557 1412 1663 1458 igitur
1692 1425 1800 1460 opus,
1829 1413 1863 1448 in
1892 1426 1964 1461 quo
1982 1412 2207 1448 elaborando

583 1486 629 1508 ne
658 1471 950 1520 expertissimum
980 1471 1126 1520 quidem
1155 1471 1362 1507 botanicum
1393 1471 1511 1520 pigeat
1537 1477 1678 1519 tempus
1699 1476 1733 1506 et
1756 1483 1904 1519 operam
1928 1471 2207 1520 consumpsisse,

587 1532 726 1580 plenam
759 1530 845 1565 dare
877 1530 1159 1579 diligentemque
1197 1530 1414 1578 plantarum,
1445 1534 1623 1578 quotquot
1651 1543 1819 1565 severum
1852 1531 1994 1566 Boreae
2018 1531 2209 1579 imperium

586 1589 851 1638 perpetiuntur,
881 1589 1149 1636 expositionem
1187 1594 1222 1624 et
1248 1589 1579 1630 adumbrationem,
1610 1596 1644 1624 et
1673 1590 1962 1638 acceptissimum
1991 1589 2104 1625 credo
2133 1589 2211 1625 uni-

587 1648 718 1696 cuique
744 1647 874 1682 florum
904 1647 1020 1682 amico
1047 1647 1136 1683 fore.
1195 1650 1364 1683 Ceterum
1393 1647 1530 1683 hancce
1556 1660 1632 1682 rem
1663 1647 1799 1683 viribus
1825 1648 1915 1683 meis
1933 1649 2037 1685 nimis
2059 1661 2140 1684 esse
2157 1661 2211 1684 ar—

588 1707 713 1748 duam,
736 1706 959 1754 superfluum
990 1705 1112 1741 forsan
1142 1707 1185 1742 sit
1214 1707 1440 1755 praedicare;
1469 1711 1505 1741 ut
1538 1706 1733 1754 paullulum
1762 1712 1880 1742 tamen
1907 1730 1953 1735 —
1979 1712 2150 1756 quantum
2177 1707 2213 1742 in

589 1779 648 1802 me
675 1765 780 1800 fuerit
812 1787 849 1792 —
884 1765 928 1800 ad
957 1778 1049 1813 opus
1078 1765 1280 1807 conferarii,
1311 1765 1410 1814 quod
1439 1766 1600 1801 nmximo
1631 1765 1713 1800 mihi
1744 1765 1821 1800 usui
1848 1764 1928 1801 fore
1959 1766 2115 1808 videtur,
2138 1767 2213 1813 jam

590 1825 670 1873 cepi
708 1823 914 1866 consilium,
955 1824 1155 1866 lichenum,
1180 1837 1273 1873 quos
1304 1825 1349 1860 ad
1379 1825 1449 1860 hoc
1475 1830 1616 1873 tempus
1633 1848 1673 1852 —
1695 1830 1865 1873 qnantum
1890 1825 2059 1873 equidem
2076 1824 2212 1860 scio——

590 1885 624 1920 in
648 1885 797 1931 Europa
820 1883 952 1918 arctica
972 1884 1001 1918 G
1010 1883 1294 1932 roenlandiaque
1314 1884 1476 1919 invenire
1496 1883 1658 1931 contigit,
1681 1884 2022 1920 commentationem
2042 1884 2077 1920 111
2097 1884 2215 1919 lucem

594 1943 768 1992 proferre.
824 1941 906 1977 Fuit
931 1942 1078 1990 quidem
1104 1942 1138 1977 in
1170 1942 1277 1984 votis,
1306 1943 1351 1977 de
1383 1942 1552 1978 omnibus
1579 1942 1684 1978 simul
1712 1942 1783 1977 hoc
1813 1942 1896 1978 loco
1926 1942 2127 1979 lichenibus
2146 1941 2217 1977 dis-

592 2014 733 2043 serere,
761 2001 820 2049 qui
848 2001 883 2036 in
913 2001 1079 2036 universa
1110 2013 1201 2036 zona
1231 2000 1359 2050 frigida
1387 2000 1560 2036 hactenus
1588 2002 1657 2037 sint
1685 2001 1783 2038 lecti.
1801 2025 1846 2030 —
1868 2007 1902 2037 at
1928 2001 2035 2037 fatum
2055 2002 2217 2050 iniquum

594 2073 703 2110 quum
745 2058 863 2095 adhuc
906 2059 1096 2102 obstiterit,
1140 2059 1334 2108 quominus
1374 2059 1564 2096 ditissimas
1599 2060 1736 2096 adirem
1766 2061 2018 2103 collectiones,
2048 2073 2141 2109 quae
2170 2071 2218 2095 ex

596 2119 683 2155 Asia
711 2123 746 2154 et
780 2119 954 2154 America
992 2119 1136 2155 Boreali
1165 2118 1315 2154 collatae
1342 2119 1511 2161 Londini,
1553 2119 1712 2161 Parisiis,
1754 2120 1939 2168 Petropoli
1974 2125 2220 2161 asservantur,

596 2177 864 2227 angustioribus
892 2190 1043 2214 necesse
1071 2177 1134 2213 fuit
1162 2177 1331 2213 limitibus
1357 2178 1571 2226 opusculum
1601 2178 1950 2215 circumscriberem.
1983 2178 2104 2215 Otium
2131 2190 2219 2213 vero

597 2238 766 2285 viresque
808 2236 837 2272 si
879 2239 1024 2285 quando
1060 2236 1303 2284 permiserint,
1334 2249 1426 2285 011113
1454 2236 1660 2273 inchoatum
1689 2237 1734 2273 ad
1762 2238 1871 2273 finem
1902 2237 1985 2273 olim
2017 2238 2220 2287 perducere

596 2297 632 2331 in
661 2296 780 2331 animo
807 2300 870 2330 est.

747 2353 984 2401 Utplurimum
1014 2354 1218 2397 botanicus,
1247 2367 1357 2403 quum
1384 2354 1620 2403 discrepantis
1647 2355 1682 2390 in
1712 2355 1863 2390 diversis
1879 2354 1968 2389 10013
1986 2352 2222 2402 vegetationis

599 2412 733 2462 ingenii
764 2412 1071 2460 computationem
1114 2413 1211 2455 facit,
1240 2413 1325 2449 satis
1353 2413 1465 2454 (lucit,
1492 2413 1522 2448 si
1549 2413 1594 2448 ad
1620 2412 1829 2461 superiores
1856 2418 1891 2448 et
1918 2412 2030 2458 magis
2060 2412 2223 2448 evolutas

601 2473 677 2507 sive
705 2470 909 2506 vascularcs
926 2470 1062 2518 plantas
1088 2476 1293 2520 respectum
1324 2470 1469 2511 habeam
1496 2476 1531 2507 et
1557 2470 1656 2513 licet,
1678 2471 1826 2507 veritate
1843 2484 1915 2506 non
1931 2471 2128 2507 admodum
2146 2471 2223 2506 vio-

603 2531 685 2571 lata,
711 2530 758 2565 ita
795 2528 873 2564 fieri
900 2529 1028 2576 possit,
1057 2542 1167 2577 quum
1193 2530 1239 2565 (10
1266 2529 1355 2565 10013
1382 2529 1513 2578 agitur,
1542 2529 1603 2565 ubi
1629 2529 1938 2579 phanerogamae,
1969 2543 2057 2579 quas
2086 2530 2223 2570 dicunt,

605 2590 745 2638 plantae
776 2587 936 2623 ubertate
965 2592 1000 2622 01
1028 2587 1132 2635 copia
1160 2587 1366 2623 abundante
1394 2600 1466 2624 non
1496 2588 1629 2636 primas
1655 2593 1788 2625 1011111111
1805 2594 1923 2637 1101103
1948 2595 2072 2638 agunt,
2098 2601 2223 2625 verum

605 2649 709 2684 etiam
734 2645 925 2682 inferiores
953 2646 1049 2682 velut
1077 2646 1296 2682 obumbrant
1309 2653 1344 2682 01
1366 2646 1589 2694 opprimunt,
1617 2648 1763 2683 minime
1786 2648 1821 2684 in
1841 2648 1938 2690 loca,
1969 2662 2061 2697 (11100
2079 2648 2124 2683 ad
2144 2660 2226 2696 sep-
