2379 3188
621 255 705 296 174

714 360 847 396 Forma
875 379 903 397 α.
930 362 1074 398 inventa
1102 366 1155 397 est
1183 361 1311 410 ”supra
1341 373 1488 397 muscos
1515 360 1735 409 putrefactos
1760 360 1806 396 ad
1833 360 1944 396 latera
1973 359 2186 409 subii-rigata

564 431 748 468 rupesque
788 421 962 456 montium
1007 419 1302 468 inferalpinorum
1346 419 1590 456 Nordlandiae
1622 420 1736 456 rarius
1762 432 1820 455 ex.
1853 432 1903 469 gr.
1934 419 1969 455 in
1997 418 2186 468 Middags—

565 477 682 514 hauen
708 491 824 527 prope
856 479 1098 526 Kjaeringoe'
1134 479 1337 528 (Wnbg.);
1376 493 1447 516 var.
1481 488 1508 527 β.
1536 478 1786 516 tantummodo
1820 478 1911 514 lecta
1938 478 1972 513 in
2004 477 2102 514 saxis
2126 490 2186 513 ru—

564 537 662 584 pium
702 537 766 572 ins.
814 537 943 574 Rodae
986 537 1234 573 Nordlandiae
1274 551 1355 574 rara
1395 538 1558 585 (Smrst.
1587 538 1662 588 hb.)
1690 550 1859 573 necnon
1891 537 1936 572 ad
1961 536 2184 572 Tessarmiut

568 595 838 632 Groenlandiae
864 598 907 645 (J.
938 595 1051 632 vahl
1079 596 1164 643 hb.)¹

716 664 847 699 Lieloen
890 666 1082 713 leucolepis,
1122 666 1175 711 qui
1217 671 1267 699 est
1308 665 1410 699 forma
1442 667 1568 712 optime
1604 666 1754 706 evoluta,
1786 671 1836 699 est
1863 665 1972 711 planta
2006 663 2186 699 admodum

567 723 748 770 pulchella,
779 725 817 758 P.
848 724 1095 772 triptophyllae
1117 729 1149 758 et
1176 721 1347 757 brmmeae
1373 724 1493 765 affinis,
1519 724 1579 759 sed
1607 725 1692 758 notis
1724 723 1826 757 allatis
1854 724 2003 758 facillime
2023 723 2186 763 distincta,

566 782 680 817 colore
719 783 805 817 thalli
842 790 874 818 et
912 782 1096 830 apotlieciis
1131 781 1301 828 depressis
1329 784 1406 817 atris
1430 784 1513 817 inter
1539 795 1655 817 omnes
1682 788 1812 816 nostras
1836 782 2043 816 Pmmarias
2070 782 2186 816 faciem

568 843 709 888 praebet
744 842 927 876 distinctam
956 848 1054 889 atque
1082 840 1175 875 facile
1202 840 1438 875 nitidissimam.
1491 840 1545 876 Ex
1571 841 1702 889 alpibus
1728 839 1958 887 Lomsljelden
1991 839 2187 887 Norvegiae

567 900 696 935 mediae
724 915 740 935 a
771 899 843 935 Cel.
871 899 991 948 Blytt
1025 900 1141 946 accepi
1176 901 1362 934 rarissimae
1392 899 1486 945 liujus
1513 901 1640 948 speciei
1669 906 1701 935 et
1728 901 1809 934 miro
1836 900 1937 933 niodo
1966 905 2187 934 commutatae

566 961 762 1007 specimina,
792 973 807 992 a
838 958 887 993 Cl.
917 958 1017 993 Moe.
1053 959 1154 999 lecta,
1189 971 1274 1006 quae
1309 960 1404 993 etiam
1435 961 1539 1007 magis
1567 959 1699 995 evoluta
1730 965 1803 994 sunt
1832 971 1929 1006 quam
1958 957 2186 994 VValilenber-

566 1019 797 1066 giana,(·1·usta
828 1019 1007 1058 crassiore,
1033 1019 1179 1065 squamis
1211 1018 1465 1054 conset-fioribus
1494 1025 1526 1054 et
1551 1020 1658 1067 magis
1687 1018 1977 1053 adscendentibus,
2007 1039 2052 1045 —
2083 1017 2186 1056 Quod

565 1090 627 1124 pro
670 1076 881 1125 ‘'hypothallo
926 1077 1084 1111 librilloso
1124 1076 1238 1123 nigro*⁷
1269 1077 1414 1112 habitum
1440 1084 1507 1119 est,
1534 1091 1569 1112 re
1597 1091 1675 1113 vera
1703 1084 1754 1113 est
1781 1077 2014 1125 Sirowplzonis
2042 1078 2185 1112 immixta

565 1137 707 1183 species.
750 1158 794 1162 —
842 1135 924 1171 Asci
966 1136 1230 1178 inflato-clavati,
1270 1136 1517 1185 paraphysibus
1552 1137 1772 1179 lilil'ormibus,
1812 1137 2044 1183 conglutinatis
2074 1137 2186 1175 cincti3

568 1208 689 1242 sporae
718 1195 896 1242 simplices,
924 1195 1091 1244 hyalinae,
1133 1195 1367 1243 ellipsoideae,
1395 1198 1481 1231 intus
1508 1196 1862 1244 granuloso-oleosae,
1898 1196 2070 1243 episporio
2098 1196 2188 1230 tenui

566 1255 735 1295 linibatae,
764 1259 936 1295 (norw—17
960 1268 1036 1289 inm.
1064 1254 1184 1301 longae
1209 1261 1240 1289 et
1269 1256 1463 1295 0,0t)1·›()—:-;.'›
1494 1269 1568 1290 mm.
1599 1256 1691 1291 latae.
1719 1277 1766 1282 -
1794 1253 1874 1289 Var.
1902 1261 1948 1299 (3.,
1976 1268 2050 1289 cum
2075 1256 2186 1302 speci-

566 1314 705 1348 minibus
741 1314 855 1359 origin.
889 1314 919 1347 in
957 1313 1047 1348 herb.
1084 1313 1218 1348 Fries.
1250 1315 1384 1348 omnino
1411 1328 1622 1363 congruens,
1649 1322 1699 1351 est
1732 1314 1833 1348 modo
1862 1315 1967 1348 minus
1995 1314 2127 1348 evoluta
2155 1320 2187 1348 et

564 1384 679 1420 parum
713 1372 954 1414 memorabilis,
982 1385 1104 1420 sporae
1132 1373 1257 1407 formae
1288 1374 1460 1420 primariae
1489 1375 1623 1416 similes,
1640 1373 1701 1409 nisi
1722 1374 1832 1422 paullo
1852 1373 1994 1415 latiores,
2010 1374 2184 1415 (Lam—10

564 1445 639 1465 mni.
668 1431 787 1478 longae
816 1438 848 1465 ct
875 1432 1046 1473 Omna—ii
1081 1445 1155 1466 mm.
1185 1431 1277 1467 latae.

715 1519 748 1543 o.
803 1510 848 1544 P.
876 1509 1038 1558 lepidiola
1070 1519 1100 1542 n.
1125 1520 1204 1555 sp.:
1228 1507 1335 1543 thallo
1352 1508 1649 1551 membranaceo,
1673 1509 2188 1558 adscendente-squamuloso·,

565 1570 660 1600 arcte
687 1566 892 1609 imbricato,
920 1568 1203 1603 inciso-crenato
1231 1567 1349 1603 crenis
1376 1567 1816 1610 verrucoso-incrassatis,
1846 1569 2008 1610 cervino,
2025 1569 2186 1618 margine

566 1637 675 1673 saepe
715 1625 1251 1674 cinerascente—1)ulverulento‚
1292 1626 1418 1662 subtus
1458 1626 1595 1668 umido,
1641 1626 1851 1676 hypotliallo
1889 1627 2184 1668 subtmnentoso,

565 1684 761 1733 nigricante
789 1685 809 1720 l.
840 1685 1129 1726 coerulescente;
1162 1685 1361 1734 apotheciis
1395 1685 1593 1734 depressis,
1629 1686 1745 1734 primo
1774 1686 1850 1722 fere
1879 1687 2186 1722 amantio-cinna—

566 1745 733 1785 momeis,
766 1744 849 1779 dein
877 1744 1383 1794 nigricanti-fuscescentibus,
1413 1745 1526 1794 planis
1554 1745 1574 1781 l.
1598 1745 1792 1787 convexis,
1810 1746 1971 1795 margine
1986 1746 2084 1782 tenui
2101 1745 2187 1781 sub-

566 1805 736 1840 flcxuoso
766 1803 929 1838 excluso.

717 1871 814 1921 Syn.
869 1872 1018 1907 Lecidea
1045 1886 1192 1906 carnosa
1217 1878 1245 1917 β.
1275 1873 1436 1920 lept'cliola
1465 1872 1607 1908 Smrst.
1642 1872 1761 1922 Suppl.
1789 1887 1821 1922 p.
1857 1873 1935 1909 174.
1968 1895 2012 1899 -
2044 1873 2183 1908 dlassa-

617 1933 733 1978 lougia
762 1930 918 1966 Koerb.
949 1930 1043 1980 Syst.
1074 1945 1105 1979 p.
1134 1932 1192 1973 47,
1220 1930 1284 1979 Pg.
1318 1946 1349 1980 p.
1380 1932 1437 1968 47.

718 1999 900 2034 Parmelicz
926 2013 1120 2034 marcorum
1148 1999 1179 2034 b.
1207 1998 1355 2046 lepiclola
1381 1998 1447 2034 Fr.
1475 1998 1513 2034 L.
1540 1998 1582 2035 Ε.
1609 2014 1640 2049 p.
1666 1999 1723 2035 96.

714 2066 810 2102 Exs.
865 2065 1003 2102 Smrst.
1028 2081 1058 2102 n.
1093 2066 1172 2101 135.

718 2133 754 2174 [ὁ.
808 2140 919 2169 tristis
946 2133 1016 2169 Th.
1045 2134 1127 2169 Fu:
1153 2133 1261 2169 thal'lo
1290 2133 1468 2169 crassiore
1497 2138 1532 2169 et
1559 2134 1671 2183 inagis
1700 2139 1904 2171 erustaceo,
1935 2133 2186 2169 adscendenti-

566 2191 753 2227 imbricato
782 2192 802 2227 l.
835 2192 1026 2241 depresso,
1068 2192 1264 2242 squamulis
1304 2193 1428 2241 nigris,
1473 2192 1840 2241 toruloso-unplexis,
1884 2192 2077 2233 convexis,
2107 2192 2186 2241 plus

569 2250 685 2285 minus
711 2250 846 2293 incisis,
875 2250 968 2286 tobis
994 2251 1433 2293 verrucoso-incrassatis;
1460 2251 1658 2300 apotheciis
1685 2264 1774 2287 mox
1802 2251 1999 2293 convexis,
2024 2251 2188 2300 margine

569 2309 666 2345 tenui
694 2309 880 2357 pallidiore
907 2309 1079 2352 excluso,
1107 2310 1267 2358 primitus
1296 2310 1694 2352 cinnamomeo-fuscis,
1723 2310 1806 2346 dein
1835 2310 1954 2360 nigris

722 2386 838 2436 Supra
869 2398 1014 2422 muscos
1039 2387 1180 2436 rupium
1206 2387 1495 2436 inferalpinarum
1526 2388 1658 2436 passim
1687 2399 1752 2436 per
1777 2391 1885 2422 totam
1914 2391 2050 2434 partem
2074 2386 2184 2422 Scan-

569 2446 783 2487 dinavicam,
817 2444 1007 2481 Islandiain
1040 2444 1275 2494 (Stenstr.),
1309 2445 1373 2481 ins.
1411 2445 1708 2496 Spitsbergenses
1735 2445 1827 2492 (Bell
1854 2445 1971 2480 Sund:
1999 2445 2028 2480 J.
2055 2444 2183 2492 Vahl)

568 2510 674 2554 atque
709 2503 989 2540 Groenlandiam
1026 2516 1140 2552 usque
1167 2503 1213 2540 ad
1244 2503 1453 2545 Godthaab3
1481 2516 1553 2540 var.
1578 2511 1607 2551 β,
1639 2504 1685 2539 ad
1712 2508 1842 2538 terram
1872 2503 2004 2539 nudam
2034 2508 2068 2539 et
2093 2503 2191 2539 inter

567 2576 714 2599 muscos
741 2563 829 2599 locis
853 2562 981 2611 apricis
1008 2562 1103 2598 circa
1145 2562 1263 2598 sinum
1299 2562 1573 2611 Varangensem
1612 2562 1841 2598 Finmarkiae
1885 2562 2066 2599 orientalis
2104 2576 2189 2612 pas·—

567 2623 637 2659 sim
662 2627 696 2658 et
721 2622 767 2658 ad
796 2621 1085 2658 Tunnudliorbik
1112 2621 1381 2658 Groenlandiae
1409 2622 1456 2669 (J.
1492 2621 1631 2671 Vahl).
