2379 3188
634 756 1255 799 HETEROLICHENES.

144 922 306 975 Thallus
332 948 353 971 e
382 934 495 970 tribus
519 934 651 977 stratis,
678 935 854 974 corticali,
882 933 1052 985 gonidiali
1078 937 1184 983 atque
1211 931 1408 973 medullari,
1449 935 1657 973 contextus,
1682 929 1755 967 fru-

142 996 326 1036 ticulosus,
354 994 526 1030 foliaceus
553 998 807 1031 crustaceusve
835 996 925 1043 (non
954 993 1174 1044 gelatinosus
1210 1004 1278 1028 nec
1307 990 1509 1040 byssinus),
1542 988 1753 1040 hypothallo

142 1057 221 1106 plus
246 1055 361 1091 minus
389 1053 554 1089 distincto
580 1053 778 1102 impositus.

287 1122 484 1172 Synonyma
512 1127 588 1157 sunt
613 1121 778 1157 Lichenes
804 1121 835 1157 F
844 1136 886 1164 r.‚
914 1122 1079 1157 Liclzenes
1106 1119 1512 1156 HeteromericiWallr.
1539 1116 1755 1157 etKoerb.,

144 1183 368 1219 Parmelz'acez'
401 1180 586 1222 Trevis.‚
625 1181 831 1216 Liclzenacez'
868 1180 962 1231 Nyl.
1000 1203 1038 1208 —
1070 1180 1249 1216 Rationem
1276 1181 1353 1215 novi
1383 1179 1482 1226 hujus
1507 1178 1648 1213 nominis
1675 1189 1754 1224 pro-

143 1242 286 1291 ponendi
313 1242 375 1277 alio
402 1241 478 1276 loco
505 1240 637 1276 afferam
665 1247 698 1276 et
726 1242 949 1289 comprobare
977 1239 1133 1275 studebo.

637 1377 744 1417 Ser.
778 1375 805 1416 l.
870 1372 1257 1415 HETEROCARPI.

292 1475 580 1526 Apotheciorum
613 1474 734 1512 discus
765 1474 994 1525 explanatus,
1032 1474 1240 1525 contiguus,
1273 1472 1445 1523 excipulo
1475 1471 1633 1509 thallode
1665 1484 1757 1509 mar-

145 1536 291 1586 ginatus.

728 1606 910 1645 Fan1.l.
969 1604 1165 1644 Usmzm.

288 1681 434 1719 Thallus
464 1681 712 1725 fruticulosus,
743 1685 884 1718 erectus
911 1680 931 1717 l.
959 1680 1155 1730 pendulus,
1179 1684 1276 1718 teres
1302 1680 1323 1717 l.
1352 1679 1759 1729 cylindrico-compres-

144 1753 223 1784 sus,
250 1741 407 1791 undique
434 1741 644 1783 oorticatus,
669 1745 779 1777 strato
806 1739 994 1776 medullari
1024 1752 1133 1776 axem
1161 1739 1355 1776 centralem
1382 1739 1630 1776 constituente.
1656 1737 1759 1786 Apo-

146 1799 259 1837 thecia
286 1800 331 1837 ab
353 1800 452 1837 initio
478 1799 591 1849 plana.

671 1889 706 1930 1.
769 1890 901 1931 Usnea
938 1891 1050 1931 Dill.
1082 1891 1235 1930 emend.

296 1966 441 2004 Thallus
475 1972 585 2010 teres,
621 1966 780 2017 undique
807 1967 972 2003 similaris
999 1972 1033 2004 et
1060 1971 1170 2004 strato
1202 1965 1360 2003 corticali
1389 1965 1607 2016 gonidiifero
1644 1963 1760 2000 obdu-

148 2029 238 2068 ctus,
262 2038 282 2062 a
306 2030 415 2062 strato
444 2026 630 2063 medullari
659 2025 806 2062 centrali
836 2027 1062 2063 filamentoso
1083 2026 1186 2062 facile
1201 2024 1431 2062 transversim
1445 2023 1657 2065 secedente;
1673 2035 1761 2071 apo-

147 2084 263 2121 thecia
287 2085 516 2129 orbicfflaria,
543 2085 689 2134 peltata,
717 2085 887 2133 excipulo
914 2098 935 2122 e
962 2085 1057 2122 thalli
1084 2089 1194 2122 strato
1217 2083 1375 2120 corticali
1393 2083 1564 2124 formato;
1582 2082 1762 2132 hypothe-

149 2143 241 2179 cium
268 2149 375 2180 tenue
404 2149 512 2181 strato
540 2144 726 2181 medullari
758 2145 983 2195 i1npositum;
1006 2157 1138 2194 sporae
1164 2147 1335 2182 octonae,
1360 2142 1557 2191 simplices,
1584 2141 1762 2191 elliptico—

150 2202 376 2245 rotundatae,
404 2203 581 2252 hyalinae.

296 2275 439 2311 Usneam
472 2275 731 2311 melaxantham
763 2274 866 2310 Ach.
902 2281 934 2310 et
966 2275 1099 2322 species
1126 2274 1155 2308 ei
1183 2272 1297 2307 affines
1322 2271 1364 2306 ab
1392 2270 1458 2305 hoc
1498 2282 1623 2317 genere
1661 2268 1762 2304 sedu-

150 2340 265 2369 xerunt
292 2333 376 2370 Cell.
408 2334 446 2370 C.
476 2333 520 2370 G.
547 2334 661 2371 Nees
686 2348 764 2370 von
789 2333 1020 2370 Esenbeck
1045 2339 1078 2368 et
1102 2331 1272 2367 Flotow
1303 2328 1466 2376 (Linnaea
1498 2328 1591 2363 1834
1620 2342 1653 2376 p.
1672 2327 1762 2375 496)

150 2395 387 2442 propriumque
413 2395 651 2429 constituerunt
677 2408 801 2442 genus,
824 2394 1070 2442 Neuropogon,
1097 2391 1190 2426 disco
1218 2390 1376 2426 discolori
1389 2389 1570 2437 nigricante
1586 2386 1762 2422 diversum.

154 2449 264 2488 Quum
298 2459 405 2488 autem
436 2452 565 2495 habitu,
589 2453 762 2489 crescendi
790 2453 892 2489 modo
914 2454 1070 2501 notisque
1097 2451 1217 2486 ceteris
1241 2454 1443 2497 congruant,
1469 2447 1585 2482 melius
1612 2446 1689 2481 mihi
1715 2447 1762 2480 vi-

153 2523 223 2544 sum
249 2510 458 2559 hasplantas
487 2512 549 2547 sub
578 2525 642 2547 uno
668 2513 800 2548 nomine
825 2514 984 2560 generico
1012 2524 1163 2551 servare,
1194 2522 1292 2558 quam
1318 2521 1490 2544 numerum
1517 2519 1677 2554 generum
1698 2506 1762 2551 jam

153 2574 224 2603 ante
251 2569 344 2604 nimis
371 2576 499 2605 auctum
526 2576 639 2605 natura
662 2584 728 2605 non
754 2570 917 2606 adnuente
942 2583 1074 2618 augere.
1127 2568 1257 2604 Eadem
1284 2569 1410 2603 ratione
1440 2565 1603 2602 Cetrarz'a
1627 2569 1763 2611 Saepin-

154 2626 241 2668 cola,
267 2628 442 2664 Parmelia
468 2634 584 2676 stygia
609 2635 671 2664 etc.
698 2630 877 2677 generibus
903 2630 971 2665 suis
997 2627 1232 2676 sejungendae.
