2379 3188
646 296 732 336 106

590 400 762 436 scientiae
799 398 913 435 videri
941 401 1148 441 voluerunt,
1179 398 1348 436 omnibus
1376 413 1479 437 suum
1508 414 1643 438 nomen
1670 407 1933 450 anteponentes
1962 403 2087 439 ”nimis
2116 416 2216 439 com-

590 459 787 507 probantes
821 482 865 486 —
894 459 1053 508 indeque
1082 459 1243 508 profecta
1274 459 1482 503 difficultas,
1509 461 1615 496 tironi
1640 462 1869 510 praesertim,
1897 462 1944 498 nil
1972 462 2039 497 nisi
2065 461 2216 510 probam

591 523 626 554 et
652 518 846 567 ingenuam
875 518 1093 554 voluntatem
1125 524 1158 553 et
1185 518 1317 553 ardens
1346 519 1501 554 veritatis
1530 520 1703 561 studium,
1738 520 1836 569 quod
1866 520 1911 556 (le
1939 533 1979 556 se
2007 520 2217 569 praedicare

591 576 717 624 possit,
747 576 907 617 habenti,
939 590 1030 625 quae
1058 589 1143 612 vera
1172 577 1256 618 sint,
1289 590 1435 625 semper
1467 579 1728 626 perspiciendi,
1756 579 1839 621 sint,
1870 591 2027 627 quaeso,
2056 591 2123 626 pro
2152 591 2217 614 ex-

591 635 792 677 cusatione,
820 635 849 671 si
876 636 910 671 in
940 635 1178 683 dispositione
1205 636 1437 683 systematica
1466 642 1501 672 et
1528 637 1723 685 speciebus
1743 637 2014 686 generibusque
2029 637 2219 673 admitten-

591 693 646 729 dis
674 700 790 729 errata
819 694 1081 733 commiserim:
1110 717 1155 722 -—
1185 707 1252 729 nec
1282 695 1532 730 reformatoris
1561 708 1695 731 nomen
1726 700 1935 737 consector,
1964 696 2010 731 nil
2041 695 2127 731 ultra
2155 708 2218 744 pe-

590 757 685 793 tens,
729 765 835 802 quam
864 753 898 788 in
929 753 1145 802 quibusdam
1186 753 1295 788 rebus
1324 760 1359 789 ut
1388 754 1432 789 ad
1461 754 1645 789 veritatem
1684 754 1924 803 indagandam
1960 754 2215 802 aliquantulum

591 811 788 847 conferam.

739 871 784 906 Et
810 871 855 906 ad
883 883 962 906 eam
990 870 1102 918 ipsam
1135 883 1211 905 rem
1239 871 1393 905 Suecani
1426 871 1546 919 utique
1575 871 1795 917 lichenologi
1822 871 1978 907 studium
2008 876 2042 906 et
2066 884 2215 919 operam

593 930 712 975 magni
753 942 862 978 posse
888 929 1103 964 discriminis
1133 928 1224 969 fieri,
1256 930 1334 977 quis
1362 936 1414 964 est
1447 929 1531 977 quin
1561 930 1796 965 confiteatur?
1848 929 1937 965 Nam
1966 937 2001 965 et
2026 931 2123 966 varia
2151 943 2218 966 nec

590 978 688 1024 ullibi
716 988 791 1024 fere
819 988 947 1023 eadem
977 987 1141 1022 locorum
1179 993 1302 1022 natura
1331 992 1364 1022 et
1393 987 1582 1023 abundans
1608 988 1742 1036 ubique
1769 987 1895 1024 harum
1924 988 2123 1036 plantarum
2154 1001 2219 1024 nu-

589 1060 710 1083 merus
752 1047 1009 1095 amplissimum
1059 1045 1233 1093 praebent
1277 1046 1476 1094 quaerendi
1527 1052 1634 1094 atque
1678 1046 1910 1082 examinandi
1950 1053 2218 1093 argumentum;

588 1107 748 1141 omnium
777 1111 894 1141 tamen
925 1106 957 1140 ei
986 1104 1270 1153 antiquissimmn
1299 1118 1379 1140 esse
1409 1105 1533 1145 debet,
1569 1105 1714 1140 labores
1742 1110 1776 1141 et
1805 1118 1916 1153 opera
1945 1112 2217 1142 antecessorum

588 1165 773 1214 gentilium
804 1164 963 1209 cognita,
993 1169 1082 1205 rata,
1110 1163 1225 1207 agnita
1255 1164 1420 1199 reddere.
1476 1165 1514 1199 In
1551 1164 1726 1199 novandis
1755 1164 1849 1200 enim
1878 1164 1989 1200 rebus
2018 1164 2218 1200 lichenolo-

586 1224 675 1273 gicis
715 1223 759 1259 ab
795 1223 915 1259 insciis
956 1235 1066 1270 saepe
1107 1228 1141 1257 et
1178 1222 1293 1257 invitis
1336 1222 1573 1270 scriptoribus
1614 1223 1735 1271 gravia
1775 1228 1856 1259 sunt
1889 1223 1971 1259 vitia
2007 1224 2217 1265 commissa,

586 1295 713 1332 quum,
748 1283 854 1319 certis
895 1287 1060 1318 carentes
1100 1288 1207 1329 atque
1246 1280 1412 1329 genuinis
1461 1281 1748 1330 exemplaribus,
1795 1282 2057 1331 descriptiones
2094 1287 2218 1317 aucto-

586 1356 665 1380 rum
701 1343 931 1391 antiquorum
963 1340 1057 1376 male
1097 1344 1204 1388 atque
1238 1352 1410 1388 perverse
1443 1340 1679 1388 interpretati,
1711 1339 1854 1389 species
1882 1354 1955 1377 non
1983 1353 2065 1376 raro
2091 1341 2218 1377 coufu-

587 1403 720 1444 derint,
751 1401 849 1437 unde
877 1399 1116 1448 synonymia,
1147 1401 1221 1446 jam
1251 1404 1354 1434 antea
1381 1398 1465 1433 satis
1491 1398 1652 1434 intricata
1680 1404 1715 1434 et
1743 1411 1894 1448 anceps,
1923 1399 2033 1448 longe
2057 1399 2215 1435 enodata

585 1461 842 1510 explicatuque
877 1458 1057 1494 difficilior
1089 1457 1211 1493 evasit.
1265 1457 1378 1505 Atqui
1405 1456 1502 1492 haud
1531 1457 1729 1492 admodum
1758 1480 1804 1486 —-
1836 1458 1968 1494 dixerit
1998 1458 2090 1494 forte
2120 1457 2215 1506 quis-

583 1521 678 1570 piam
706 1543 751 1547 —
778 1517 897 1567 magni
937 1517 1100 1557 interest,
1141 1521 1258 1551 utrum
1294 1515 1365 1551 hoc
1403 1528 1446 1551 an
1482 1515 1542 1551 illo
1571 1516 1744 1552 salutetur
1771 1516 1913 1565 species
1941 1516 2119 1565 quaedam
2149 1529 2215 1552 no-

584 1580 697 1620 mine,
734 1577 935 1614 dummodo
971 1580 1119 1611 naturae
1148 1575 1227 1621 ejus
1257 1580 1364 1622 atque
1404 1574 1535 1610 indolis
1568 1587 1689 1610 veram
1723 1574 1921 1611 habeamus
1951 1575 2215 1625 diligenterque

583 1639 809 1687 exploratam
834 1635 1003 1671 notitiam.
1059 1634 1199 1668 Verum
1229 1633 1374 1681 quidem
1402 1633 1486 1668 illud
1513 1633 1753 1681 aliquatenus,
1783 1634 1849 1669 sed
1879 1646 1928 1670 ex
1957 1634 2128 1682 empirica
2149 1647 2213 1682 po-

582 1698 757 1734 tissimum
792 1694 955 1735 scientia,
992 1706 1085 1741 quae
1115 1693 1326 1739 conjectura
1356 1691 1473 1726 solum
1502 1691 1596 1726 inani
1626 1692 1799 1741 vanisque
1834 1692 2065 1740 opinionibus
2100 1692 2214 1728 nitan-

581 1763 646 1798 tur,
676 1754 899 1791 removenda
928 1752 1049 1788 onmia
1082 1757 1117 1786 et
1145 1751 1298 1786 delenda
1330 1762 1422 1791 esse,
1445 1750 1579 1785 nemini
1600 1763 1673 1786 non
1697 1763 1910 1799 persuasum
1926 1751 2054 1793 credo;
2082 1751 2212 1793 omnia,

582 1829 675 1865 quae
705 1814 883 1850 accedunt
918 1816 1051 1848 tantum
1087 1810 1131 1846 ad
1168 1810 1353 1845 veritatem
1382 1822 1536 1857 eamque
1566 1809 1668 1857 quasi
1699 1814 1861 1858 tangunt,
1890 1810 2075 1846 scientiam
2101 1809 2214 1844 dede-

581 1878 722 1915 corant,
753 1885 864 1922 quare
893 1876 952 1906 aut
978 1869 1183 1918 castiganda
1208 1873 1290 1904 sunt
1318 1873 1352 1903 et
1377 1868 1594 1917 corrigenda
1623 1873 1683 1903 aut
1710 1869 1908 1916 rejicienda
1925 1874 1959 1904 et
1977 1867 2210 1917 repudianda.

579 1932 656 1968 Nec
691 1932 797 1977 igitur
838 1929 990 1978 amplius
1025 1930 1100 1976 jam
1138 1928 1250 1962 credo
1289 1927 1480 1962 cunctandi
1509 1939 1590 1962 esse
1618 1932 1776 1975 tempus,
1803 1927 1998 1976 quominus
2025 1927 2069 1962 ad
2098 1926 2212 1975 expli-

580 1991 731 2027 candam
754 1994 789 2025 et
816 1988 1051 2035 digerendam
1079 1986 1338 2036 synonymiam
1360 2009 1406 2014 —
1437 1999 1517 2021 nam
1550 1991 1710 2034 »patrum
1737 1986 1853 2021 studia
1876 1998 2072 2035 numquam
2099 1985 2212 2034 negli-

579 2050 722 2096 genda»
750 2072 793 2077 —
834 2060 981 2084 omnem
1022 2046 1252 2082 intendamus
1294 2045 1428 2080 strenui
1469 2045 1715 2093 indefessique
1755 2057 1920 2092 operam,
1960 2058 2006 2081 ne
2047 2049 2211 2093 premant

580 2098 763 2159 quondam
804 2106 1038 2154 gravissimae
1081 2104 1307 2140 difficultates
1338 2127 1382 2131 —
1410 2104 1486 2139 sive
1527 2104 1633 2139 etiam
1661 2103 1976 2152 inexsuperabiles
2007 2103 2211 2152 opprimant

581 2191 626 2197 —
653 2180 781 2203 omnes
810 2164 992 2213 ejusmodi
1021 2168 1181 2200 conatus.
1237 2163 1347 2207 Quod
1374 2162 1419 2198 ad
1448 2175 1506 2197 me
1536 2163 1653 2210 ipsum
1682 2163 1819 2204 attinet,
1848 2163 1956 2210 longe
1983 2175 2042 2198 me
2071 2163 2210 2209 majore

578 2226 672 2262 affici
709 2226 837 2261 laetitia
880 2224 1060 2260 affirmare
1098 2222 1228 2263 audeo,
1268 2222 1297 2257 si
1333 2222 1513 2270 antiquam
1549 2222 1709 2270 speciem
1743 2221 1931 2257 confusam
1961 2221 2209 2270 neglectamve

578 2285 767 2320 restituere
810 2283 1015 2328 contigerit,
1059 2294 1165 2331 quam
1206 2293 1336 2316 novam
1379 2280 1556 2321 invenire,
1599 2292 1800 2328 omnesque
1838 2284 1874 2315 ut
1909 2280 2005 2315 idem
2036 2278 2207 2320 sentiant,

578 2348 802 2391 quantopere
829 2343 871 2377 sit
899 2341 1166 2389 exoptandum,
1192 2339 1263 2375 hoc
1292 2339 1374 2374 loco
1405 2350 1557 2373 monere
1584 2351 1677 2385 opus
1706 2351 1787 2374 esse
1817 2350 1889 2373 non
1919 2342 2018 2386 puto.
2071 2337 2206 2372 Tanto-

577 2415 647 2451 que
685 2401 802 2436 minus
843 2400 920 2436 talis
957 2400 1163 2447 specierum
1204 2396 1494 2433 antecedentium
1534 2396 1751 2443 scriptorum
1786 2395 1988 2445 recognitio
2023 2396 2207 2443 superflua

575 2465 694 2510 potest
731 2465 839 2508 atque
881 2458 1011 2494 inutilis
1052 2470 1149 2498 esse,
1184 2455 1284 2505 quod
1318 2454 1530 2502 imprudens
1553 2454 1610 2489 illa
1635 2460 1670 2489 et
1697 2453 1884 2503 negligens
1911 2466 2207 2502 synonymorum

573 2519 739 2568 repetitio
765 2523 800 2554 et
829 2540 873 2545 —
904 2529 1019 2566 paene
1051 2516 1214 2550 dixeram
1251 2536 1298 2542 —
1325 2512 1516 2549 ruminatio
1546 2515 1673 2561 (quum
1702 2511 1934 2548 transscribat
1959 2518 2092 2547 tantum
2118 2512 2207 2548 alius

572 2579 697 2620 alium,
726 2577 772 2613 ad
800 2577 953 2625 primum
981 2575 1115 2611 fontem
1145 2572 1409 2609 consulendum
1438 2583 1634 2619 numquam
1657 2574 1874 2620 regressus),
1894 2571 2101 2618 cujusmodi
2121 2571 2208 2619 ipsis

571 2637 625 2674 his
661 2635 886 2685 temporibus
927 2647 1000 2670 non
1043 2633 1156 2683 magis
1190 2643 1296 2681 quam
1326 2630 1527 2679 praeteritis
1563 2629 1751 2666 manifesta
1793 2629 1986 2665 defuerunt
2021 2629 2206 2678 exempla·
