2379 3188
1656 262 1738 305 253

338 371 434 408 Inter
474 380 618 405 muscos
657 366 888 415 liehcncsque
927 366 962 402 in
989 365 1154 402 silvaticis
1183 371 1218 402 et
1245 366 1370 415 alpinis
1400 367 1507 404 totius
1535 369 1794 405 Scandinaviae

188 430 339 467 arcticae
363 431 546 479 frequens,
576 439 647 463 non
673 425 738 461 nisi
764 426 944 461 rarissime
961 425 1150 462 fructifera.
1179 425 1292 461 Etiam
1315 425 1350 460 in
1367 427 1613 463 Groenlandia
1640 429 1794 476 (Rink).

339 522 455 558 Planta
494 522 673 570 pulchella,
715 522 808 557 facile
847 521 1015 563 distincta,
1052 533 1250 569 quamquam
1280 520 1459 555 admodum
1488 522 1625 557 varians.
1682 522 1796 571 Vulgo

189 583 327 630 simplex
366 589 415 617 est
444 588 475 617 et
503 588 656 622 cornuta,
685 580 743 616 setl
773 582 979 615 inveniuntur
1006 580 1102 615 etiam
1130 582 1310 629 specimina
1340 594 1486 620 ramosa,
1512 582 1612 615 inuno
1641 584 1796 617 ramosis-

188 645 276 677 sima.
331 640 389 675 Sic
431 642 460 674 in
497 640 686 675 Smolandia
724 640 920 675 occidentali
949 639 1120 687 (Femsjo)
1149 642 1212 688 legi
1240 640 1378 675 sormam
1408 639 1495 675 adeo
1519 642 1797 675 intricato-ramo-

187 714 270 742 sam,
302 706 333 734 nt
358 701 424 735 sere
456 701 588 734 omnino
617 699 835 734 aemularetur
860 700 904 735 Cl.
937 698 1220 747 rbangfferinam
1245 700 1415 740 subtilem,
1444 705 1475 734 et
1492 705 1557 733 tum
1574 713 1652 734 sane
1677 700 1718 734 (le
1739 700 1798 734 dil’-

189 760 321 795 ferentia
350 761 421 805 ejus
449 759 605 806 specifica
646 761 698 793 vix
726 759 905 794 dubitares.
958 760 1064 794 Etiam
1091 772 1190 806 quum
1219 760 1249 793 in
1276 758 1465 793 Finmarkia
1494 760 1597 805 prima
1627 761 1699 794 vice
1728 772 1799 794 eam

187 820 302 859 inveni,
332 832 394 866 pro
434 824 610 852 autonoma
644 819 758 866 specie
787 819 940 860 salutavi,
969 818 1078 853 donec
1105 820 1192 853 circa
1221 818 1361 853 Polmak
1389 819 1619 866 copiosissima
1652 819 1714 853 sub
1743 832 1799 852 va-

188 879 241 912 riis
273 878 383 912 formis
422 877 498 911 mibi
526 878 657 911 obviam
686 879 788 919 venit,
816 891 890 912 cum
916 879 960 913 Cl.
988 877 1121 925 botryte
1148 879 1256 912 mixta.
1313 876 1401 911 Tum
1430 878 1514 911 enim
1544 879 1697 912 transitus
1725 876 1799 912 milii

188 938 277 971 visus
303 950 373 971 sum
399 937 591 971 observare.
647 935 775 984 Negari
802 937 935 985 quidem
965 951 1031 972 non
1061 943 1187 985 potest,
1216 937 1387 985 pulverem
1416 936 1629 984 podetiorum
1663 937 1800 984 sulphu-

188 1008 277 1030 reum
317 1008 390 1029 cum
431 995 476 1031 Cl.
505 996 663 1030 carneola
703 1009 911 1031 communem
941 1010 1033 1037 esse,
1061 996 1122 1031 sed
1151 1010 1259 1044 neque
1288 996 1373 1031 adeo
1401 1002 1451 1030 est
1480 997 1661 1043 obtegens,
1691 1009 1801 1043 neque

188 1054 306 1090 desunt
332 1055 501 1102 exempla,
530 1055 773 1090 Cladomssarnm
804 1055 936 1103 podetia
962 1056 1352 1103 cartilagineo-corticata
1380 1055 1544 1090 interdum
1573 1055 1801 1103 pulverulenta

189 1114 341 1149 evadere.
397 1113 576 1149 Praeterea
619 1115 693 1149 loco
735 1115 830 1148 allato
859 1115 929 1160 (ubi
971 1127 1087 1150 omnes
1121 1116 1302 1150 Cladoniae
1330 1114 1552 1156 abundarunt,
1582 1115 1626 1150 Cl.
1654 1113 1803 1161 botrytes

188 1174 263 1221 plus
289 1186 386 1221 quam
413 1174 549 1208 uncialia
578 1180 609 1208 et
634 1174 856 1208 ramosissima
888 1174 1021 1221 porletia
1048 1175 1188 1208 obtinuit
1215 1180 1313 1221 atque
1340 1174 1386 1209 Cl.
1413 1179 1574 1221 cycmipes
1603 1174 1665 1209 snb
1694 1174 1802 1209 diver—

187 1233 322 1268 sissimis
351 1233 462 1267 l'ormis
491 1232 606 1274 adfuit,
634 1234 729 1268 etiam
759 1232 895 1281 scyphis
926 1233 1073 1280 praedita
1107 1233 1697 1280 minutis,subregularibus,ambitu
1722 1233 1803 1268 den-

189 1291 407 1326 tato-radiatis
445 1305 570 1339 neque,
611 1299 643 1326 ut
672 1292 787 1338 vulgo,
815 1293 844 1326 in
875 1293 1018 1327 ramulos
1044 1292 1242 1327 divaricatos
1271 1292 1554 1327 sterilescentibus
1587 1293 1803 1339 abeuntibus)

190 1350 292 1385 credo
321 1364 373 1385 nie
407 1352 626 1392 observasse,
654 1364 811 1385 verrucas
848 1351 1058 1398 potietiornm
1087 1352 1132 1386 Cl.
1160 1350 1305 1399 botrytis
1334 1352 1363 1385 in
1393 1352 1564 1398 pulverem
1588 1352 1803 1399 sulphureum

188 1409 351 1445 interdum
389 1409 580 1451 debiscere,
622 1416 653 1445 et
692 1423 792 1457 quum
828 1410 938 1452 color,
966 1410 1139 1445 crescendi
1169 1410 1306 1447 modus,
1335 1409 1465 1444 habitus
1496 1424 1560 1444 non
1589 1411 1804 1451 abhorreant,

189 1469 305 1504 melius
333 1468 409 1503 (luxi
436 1470 465 1503 in
496 1468 588 1503 Lich.
615 1468 739 1503 Scand.
768 1482 836 1503 exs.
863 1469 881 1503 Ι.
910 1482 938 1504 c.
964 1469 1048 1504 hanc
1077 1471 1213 1517 stirpem
1243 1483 1304 1517 pro
1333 1470 1490 1504 varietate
1519 1470 1564 1505 Cl.
1584 1468 1727 1517 botrytis
1746 1469 1806 1504 de—

191 1527 326 1563 clarare.
379 1526 520 1568 Postea,
554 1541 654 1575 quum
681 1527 713 1562 in
740 1526 934 1563 Smolandia
961 1542 1033 1563 eam
1062 1531 1236 1577 copiosam
1265 1529 1403 1576 contigit
1430 1528 1605 1576 colligere,
1630 1528 1729 1563 dubia
1745 1530 1805 1563 ite-

190 1601 260 1623 rum
298 1593 371 1622 sunt
400 1595 487 1629 orta,
528 1594 560 1622 et
588 1589 737 1635 quamvis
766 1602 781 1622 a
810 1588 985 1630 sententia,
1013 1602 1084 1623 eam
1112 1589 1267 1623 interiore
1295 1601 1381 1623 nexu
1410 1601 1486 1623 esse
1514 1602 1588 1623 Cum
1616 1589 1660 1624 Cl.
1692 1587 1806 1636 botry-

190 1656 221 1683 te
245 1649 454 1693 conjunctam
483 1660 580 1695 quam
609 1661 682 1681 cum
716 1647 765 1682 Cl.
797 1648 973 1689 carneola,
1003 1661 1068 1682 non
1094 1647 1323 1688 discesserim,
1341 1649 1566 1694 suspicionem
1584 1661 1647 1682 non
1668 1661 1806 1695 possum

190 1707 321 1746 tollere,
359 1720 398 1741 an
436 1707 570 1754 propria
613 1707 653 1741 sit
683 1707 825 1754 species.
877 1706 1025 1741 Suadent
1054 1706 1248 1754 discrepans
1276 1707 1421 1747 habitus,
1450 1707 1512 1741 sub
1541 1706 1681 1742 diversis
1704 1707 1807 1741 coelis

191 1780 326 1814 semper
366 1772 540 1803 constans,
578 1765 787 1801 characteres
815 1767 913 1807 certi,
941 1766 1127 1801 distributio
1156 1765 1383 1813 geographica
1410 1766 1470 1800 lata
1486 1767 1540 1814 1),
1567 1773 1751 1814 proventus
1776 1767 1805 1799 in

192 1827 301 1866 terris,
341 1825 396 1859 ubi
435 1838 543 1872 neque
577 1825 622 1860 Cl.
652 1824 800 1873 bocrytes
827 1838 936 1873 neque
965 1825 1123 1859 farmala
1150 1825 1283 1867 adsunt,
1311 1839 1340 1860 e.
1369 1840 1394 1860 s.
1420 1839 1452 1873 p.
1507 1824 1590 1860 Utut
1612 1831 1679 1865 est,
1709 1825 1806 1871 (ligna

191 1884 334 1925 videtur,
380 1897 464 1931 quae
504 1885 639 1919 ulterius
678 1887 892 1920 examinetur.
944 1884 1210 1932 Apotheciorum
1252 1885 1494 1919 rarissimorum
1538 1885 1638 1930 (lecta
1674 1885 1805 1919 suntin

194 1943 363 1979 Saltdalen
404 1951 436 1978 et
474 1944 514 1977 ad
542 1942 700 1989 Polmak)
728 1944 823 1979 color
850 1957 947 1992 quam
976 1948 1008 1979 C.
1035 1943 1179 1992 bocrytis
1207 1950 1240 1979 et
1270 1944 1446 1978 carneolae
1476 1944 1666 1985 obscurior,
1694 1943 1738 1979 Cl.
1769 1957 1807 1977 a·

192 2016 434 2038 maurocraecte
460 2003 648 2038 subsimilis.

348 2090 363 2105 *⁸
376 2090 391 2105 ⁸
404 2090 419 2105 *
432 2090 446 2105 *
474 2090 658 2138 apotheciis
686 2091 863 2125 coccineis.

347 2158 401 2193 14.
430 2158 475 2193 Cl.
503 2158 783 2205 Cornucopioides
813 2157 900 2203 (Lm
926 2156 1080 2205 podetiis
1105 2155 1356 2197 breviusculis,
1376 2153 1807 2202 turbinato-scyphiferis,

197 2214 639 2264 cartilagineo-eorticatis,
683 2227 770 2251 mox
798 2215 1042 2251 verruculosis
1074 2215 1092 2250 l.
1121 2213 1671 2264 granulato-subpulverulcntis,
1699 2214 1809 2249 flavo—

282 2346 305 2374 1)
340 2343 388 2370 Est
421 2344 493 2371 enim
527 2354 579 2372 non
603 2344 690 2371 solum
722 2344 748 2372 in
774 2344 931 2380 regionibus
954 2343 1061 2371 arcticis
1085 2348 1110 2371 et
1135 2344 1235 2381 alpinis
1257 2344 1456 2371 Scaudinaviae.
1480 2344 1621 2379 frequens,
1645 2342 1691 2369 sed
1716 2351 1808 2378 sparsa

198 2391 315 2418 occurrit
347 2402 394 2429 per
427 2397 512 2420 totam
536 2394 673 2427 Sueciam,
699 2398 728 2421 ut
751 2394 833 2421 etiam
858 2393 998 2421 nonnullis
1022 2394 1088 2421 locis
1112 2394 1137 2421 in
1163 2393 1320 2420 Germania.
1364 2393 1506 2420 Praeterea
1531 2392 1557 2419 in
1582 2391 1709 2418 America
1733 2390 1811 2417 bore-

199 2440 234 2467 ali
268 2440 379 2468 minime
401 2446 442 2469 est
464 2451 535 2475 rara;
559 2443 706 2480 spe-cimina
730 2453 743 2470 e
766 2443 891 2480 pluribus
915 2442 979 2469 locis
1003 2443 1217 2470 communicavit
1239 2443 1295 2470 cel.
1319 2442 1545 2474 Tuckerman,
1563 2446 1589 2468 ct
1612 2451 1625 2468 e
1648 2441 1732 2468 'serra
1755 2440 1811 2467 No—

200 2497 232 2515 va
256 2490 305 2516 sub
329 2491 438 2518 nomine
464 2492 602 2518 Claclom‘ne
626 2493 798 2526 Despreauoefi
820 2492 890 2519 Del.
913 2492 984 2519 inccl.
1007 2492 1084 2519 (ledit
1106 2492 1162 2519 Cel.
1186 2492 1229 2519 Le
1253 2491 1403 2519 Norman
1413 2492 1438 2518 d.
1482 2491 1544 2518 Hoc
1567 2499 1738 2526 synonymon
1763 2489 1811 2524 igi-

200 2541 245 2564 tur
268 2538 348 2574 hujus
370 2544 410 2567 est
434 2539 484 2567 loci
508 2550 555 2567 nec
578 2541 696 2576 pertinet
719 2542 751 2568 ad
775 2551 833 2569 eam
858 2543 892 2568 (Ἰ.
915 2551 1119 2568 annaurocraeae
1141 2541 1273 2573 formam,
1296 2550 1365 2577 quae
1388 2541 1414 2568 in
1440 2540 1536 2577 Hepp
1560 2549 1614 2566 exS.
1639 2549 1663 2566 n.
1689 2541 1742 2565 207
1759 2538 1811 2565 (lis-

201 2586 302 2614 tributa
325 2591 379 2620 est,
405 2598 490 2625 neque
513 2598 610 2616 novam
635 2590 707 2617 sistit
729 2591 860 2627 speciem,
885 2594 914 2618 ut
936 2590 1045 2618 credere
1070 2590 1177 2618 videtur
1199 2591 1365 2617 Schaerer
1386 2590 1496 2621 (Euum.
1521 2599 1545 2626 p.
1573 2586 1647 2624 197).

1600 2647 1647 2681 32
1680 2657 1692 2677 b
