2379 3188
375 244 520 279 hammar
560 250 592 279 et
629 243 803 292 Jonsberg
842 243 963 279 Pastor
995 249 1028 278 et
1067 243 1299 291 Praepositus,
1335 242 1421 292 Reg.
1463 243 1545 280 Ord.
1576 245 1618 281 de
1646 245 1748 281 Stella
1773 245 1881 281 Polari

376 302 645 338 Commendator.

275 359 593 397 MESTERTON
630 360 784 406 (Carolus
819 359 1033 407 Benedict.),
1060 358 1157 394 Med.
1185 358 1330 400 Doctor,
1358 358 1552 407 Chirurgiae
1580 368 1612 396 et
1638 361 1730 397 Artis
1761 362 1884 397 Obste

375 422 486 455 triciae
513 419 711 455 Professsor
740 418 963 467 Upsaliensis.

863 608 1301 641 Be‘hstotstecam’us.

275 701 482 749 THALEN
512 713 659 760 (Tobias
687 712 891 760 Robertus),
920 712 1044 748 Philos.
1073 711 1216 754 Doctor,
1243 712 1406 762 Physices
1433 713 1624 760 Adjunctus
1656 711 1871 761 Upsaliensis,

911 947 1045 981 Socii
1071 947 1254 979 Ewteri.

276 1060 395 1097 BIOT
424 1060 470 1106 (J.
503 1058 578 1106 R),
606 1059 745 1096 Instituti
774 1061 878 1096 Paris.
909 1060 1114 1097 Membrum.

276 1118 630 1156 KRUKENBERG
658 1120 826 1167 (Petrus),
855 1119 1042 1157 Medicinae
1069 1121 1248 1156 Professor
1279 1117 1446 1154 Halensis.

278 1178 454 1216 GRIMM
489 1178 686 1228 (jacobus),
714 1179 893 1216 Professor
918 1179 988 1216 LL.
1017 1180 1176 1217 German.
1205 1178 1453 1220 Berolinensis‚
1481 1175 1568 1226 Reg.
1598 1176 1682 1214 Ord.
1715 1177 1757 1213 de
1785 1177 1888 1214 Stella

371 1238 480 1272 Polari
508 1237 636 1286 Eques.

275 1296 568 1332 WERLAUFF
610 1297 747 1344 (Ericus
787 1298 995 1346 Christian.),
1022 1297 1110 1347 Regi
1136 1297 1224 1333 Dan.
1251 1310 1269 1331 a
1295 1296 1449 1331 Consiliis
1481 1296 1617 1338 intimis,
1648 1295 1775 1332 Histor.
1805 1294 1889 1330 Pro-

378 1357 487 1392 fessor
524 1355 742 1398 Hauniensis‚
783 1356 1018 1393 Bibliothecae
1058 1357 1188 1406 Regiae
1233 1355 1443 1397 Praefectus,
1482 1354 1569 1404 Reg.
1605 1354 1690 1391 Ord.
1718 1354 1760 1390 de
1789 1353 1889 1388 Stella

376 1416 487 1451 Polari
514 1415 784 1452 commendator.

278 1475 441 1513 ENCKE
467 1474 555 1520 (Joh.
572 1474 721 1524 Franc.)‚
749 1476 875 1511 Philos.
903 1475 1047 1518 Doctor,
1076 1475 1315 1512 Astronomiae
1345 1474 1526 1510 Professor
1545 1471 1891 1520 Berolinensis‚Reg.

376 1534 486 1571 Acad.
516 1534 639 1570 Scient.
676 1536 720 1571 ib.
761 1534 794 1570 in
834 1534 951 1571 Classe
989 1534 1320 1585 Physico-Mathem.
1360 1533 1583 1576 secretarius,
1609 1532 1696 1581 Reg.
1727 1532 1810 1569 Ord.
1847 1532 1889 1566 de

378 1593 482 1629 Stella
514 1592 625 1628 Polari
651 1593 779 1642 Eques.

276 1645 454 1690 BOCKH
482 1651 672 1701 (August),
702 1652 826 1688 Graec.
854 1652 932 1689 Litt.
963 1653 1144 1691 Professor
1169 1652 1416 1691 Berolinensis.
1439 1650 1525 1700 Reg.
1553 1651 1661 1688 Acad.
1689 1650 1814 1687 Scient.
1844 1651 1887 1685 ib.

375 1715 407 1748 in
435 1712 551 1747 Classe
579 1710 706 1747 Histor.
732 1711 949 1749 Secretarius.

277 1771 484 1809 ANDRAL
518 1770 581 1818 (G.
616 1770 767 1819 Junior),
803 1770 990 1808 Medicinae
1019 1771 1199 1808 Professor
1232 1770 1446 1812 Parisiensis,
1477 1769 1620 1806 Instituti
1644 1769 1748 1805 Paris.
1776 1768 1888 1804 Mem-

376 1833 483 1867 hrum.

276 1888 555 1928 ESCHRICHT
584 1888 723 1938 (Daniel
747 1888 924 1937 Freder.)‚
950 1889 1148 1926 Anatomiae
1174 1888 1353 1925 Professor
1379 1886 1599 1930 Hauniensis,
1625 1887 1710 1936 Reg.
1736 1886 1819 1923 Ord.
1847 1886 1888 1921 de

377 1948 481 1985 Stella
510 1949 620 1984 Polari
648 1948 776 1997 Eques.

278 2007 663 2046 POGGENDORFF
690 2008 879 2055 (Johannes
901 2006 1110 2054 Christian),
1131 2006 1227 2043 Med.
1261 2013 1294 2043 et
1314 2005 1440 2042 Philos.
1468 2004 1611 2047 Doctor,
1625 2005 1789 2055 Physices
1805 2003 1887 2038 Pro-

376 2067 484 2103 fessor
510 2066 755 2110 Berfflinensis,
782 2067 869 2116 Reg.
896 2067 980 2104 Ord.
1010 2067 1052 2103 de
1081 2065 1182 2101 Stella
1210 2066 1321 2101 Polari
1344 2065 1471 2114 Eques.

279 2126 464 2162 WEBER
489 2125 740 2175 (Guilielmus),
769 2126 866 2163 Med.
896 2133 929 2162 et
953 2127 1079 2162 Philos.
1109 2125 1253 2168 Doctor,
1279 2125 1444 2175 Physices
1472 2123 1651 2160 Professor
1684 2121 1887 2169 Gottingen—

377 2187 437 2228 sis,
464 2184 550 2233 Reg.
579 2185 662 2221 Ord.
691 2186 732 2221 de
761 2185 867 2221 Stella
893 2185 1004 2221 Polari
1031 2184 1160 2234 Eques.

279 2244 459 2281 HAESER
485 2244 639 2292 (Henr.)‚
665 2244 858 2281 Medicinae
887 2245 1066 2280 Professor
1095 2243 1437 2294 Gryphiswaldensis.

277 2303 481 2341 HANSEN
508 2303 566 2349 (A.
590 2303 663 2349 P.)‚
689 2304 921 2340 Observatorii
947 2303 1175 2340 Astronomici
1203 2302 1351 2338 Gothani
1377 2299 1581 2336 Praefectus.

278 2362 470 2400 LASSEN
498 2363 723 2411 (Christian),
751 2363 821 2399 LL.
851 2363 931 2400 ΟΟ.
963 2363 1143 2399 Professor
1170 2361 1378 2400 Bonnensis,
1405 2357 1491 2406 Reg.
1527 2355 1609 2393 Ord.
1644 2355 1686 2390 de
1714 2353 1748 2389 S.
1777 2353 1885 2389 Olavo

380 2421 508 2470 Eques.

280 2480 476 2518 KEYSER
504 2480 721 2530 (Rudolph.).
750 2480 878 2517 Histor.
902 2481 1081 2517 Professor
1105 2477 1387 2517 Christianiensis,
1416 2473 1503 2523 Reg.
1534 2473 1617 2509 Ord.
1650 2472 1690 2508 de
1720 2471 1753 2506 S.
1777 2470 1886 2506 Olavu

377 2539 505 2588 Eques.

280 2597 490 2634 HOOKER
515 2597 681 2645 (William
706 2597 772 2646 J.),
796 2597 894 2633 Horti
919 2595 1074 2633 Botanici
1102 2595 1280 2631 Kewensis
1309 2592 1476 2628 Director.
