2379 3188
601 253 687 293 110

545 358 611 394 mis
639 357 859 394 artificialem
888 370 970 393 esse
1000 361 1224 408 naturaeque
1252 358 1508 394 abhorrentem
1539 359 1769 407 opinantibus
1801 358 2025 394 assentirem.
2079 356 2176 392 Illius

545 417 574 453 si
601 416 748 466 proprie
774 416 950 452 rationem
975 415 1152 453 habemus
1175 418 1384 460 sententiae,
1404 431 1476 454 non
1509 419 1620 454 modo
1651 432 1723 468 quo
1751 420 1909 465 majores
1938 417 2043 453 faciat
2057 416 2176 452 scien—

545 476 592 511 tia
617 488 836 525 progressus
866 497 912 503 —-
945 480 979 511 et
1014 475 1143 512 ultimis
1180 477 1299 513 lustris
1328 491 1435 526 quam
1469 478 1627 513 maxime
1655 478 1807 527 insignia
1836 477 1930 525 cepit
1954 476 2178 512 incrementa

551 558 604 578 —‚
640 548 686 571 eo
724 533 810 570 mihi
841 533 997 582 ineptior
1031 534 1175 570 videtur
1211 537 1398 585 magisque
1429 537 1678 578 incommoda,
1708 537 1774 572 sed
1802 536 1907 572 etiam
1937 535 2079 572 sibimet
2106 532 2174 582 ipsi

545 593 641 630 haud
684 593 767 629 satis
810 605 890 628 eam
919 594 1126 635 convenire,
1156 594 1251 629 clare
1281 600 1385 643 patet.
1440 595 1529 630 Nam
1560 600 1716 631 erratum
1747 595 1849 637 illud,
1878 608 1972 631 nova
1997 604 2173 644 generum

545 653 693 689 nomina
733 651 904 687 scientiae
944 664 1026 686 esse
1066 652 1217 688 molesta
1241 656 1279 699 ¹),
1319 658 1355 688 ut
1398 655 1555 689 omittam
1582 677 1633 682 —
1662 654 1969 690 nomenclaturam
1998 653 2109 693 enim,
2139 655 2176 687 ut

546 713 661 759 ajunt,
687 711 910 752 botanicam,
942 710 1055 758 qualis
1079 710 1132 746 his
1159 711 1244 759 ipsis
1271 712 1315 747 sit
1345 713 1547 761 ”patrisque
1575 713 1765 748 scientiae⁰
1795 713 1943 748 Linnaei
1964 712 2175 748 fuerittem-

545 770 713 819 poribus,
741 769 770 805 si
796 769 1086 817 respexerimus,
1120 770 1400 806 diversissimam
1430 771 1589 820 undique
1617 771 1723 807 nobis
1754 771 1909 806 oblatam
1937 771 2097 818 speciem
2125 770 2177 806 in—

546 829 734 865 veniemus
757 851 805 870 —‚
823 833 923 864 certo
939 827 1024 862 mihi
1042 828 1174 864 certius
1202 830 1352 871 videtur,
1383 842 1455 865 non
1485 830 1671 866 molestius
1699 830 1824 866 saltem
1855 843 1935 865 esse
1966 829 2177 871 memoriae,

546 902 651 923 mmm
679 887 824 936 generis
853 899 1005 928 nomen,
1034 887 1116 922 licet
1143 890 1260 935 major
1287 888 1329 923 sit
1360 901 1487 923 eorum
1517 902 1705 930 numerus,
1727 889 1904 924 memoria
1916 893 2051 929 tenere,
2070 899 2175 936 quam

545 946 642 982 aliud
685 946 788 982 latius
830 950 955 994 patens
999 951 1033 981 et
1069 959 1163 982 nova
1191 947 1339 996 insuper
1366 947 1654 983 subdivisionum
1683 948 1739 983 vel
1776 948 1997 988 sectionum,
2026 946 2061 981 in
2090 958 2178 994 quas

546 1005 667 1047 abeat,
710 1005 786 1040 sive
834 1005 980 1040 nomina
1031 1005 1107 1040 sive
1151 1005 1388 1041 characteres.
1470 1007 1601 1055 quue
1655 1008 1773 1042 minus
1831 1004 2175 1054 reprehendendum

546 1069 651 1112 puto,
690 1064 761 1099 hoc
796 1076 853 1099 me
887 1069 1121 1112 praeceptum
1158 1064 1375 1113 neglexisse,
1406 1066 1506 1114 quod
1534 1066 1611 1115 ipse
1640 1070 1766 1101 auctor
1794 1066 1839 1101 ita
1865 1064 2116 1100 tantummodo
2142 1063 2178 1099 id

547 1128 647 1158 curat
674 1135 836 1163 servare,
871 1128 915 1164 ut,
945 1136 1055 1171 quum
1086 1123 1131 1159 de
1162 1123 1360 1172 generibus
1387 1123 1432 1158 ab
1458 1123 1533 1159 aliis
1562 1124 1799 1173 scriptoribus
1830 1124 2024 1173 propositis
2052 1122 2177 1172 agitur,

546 1195 592 1217 eo
620 1194 659 1217 se
685 1185 834 1223 tueatur,
864 1182 1010 1217 minime
1038 1195 1145 1224 vero,
1176 1195 1304 1231 quum,
1334 1187 1438 1218 notas
1463 1182 1543 1231 plus
1569 1183 1687 1218 minus
1719 1183 1819 1219 leves
1844 1183 1971 1225 citans,
1994 1195 2088 1218 nova
2103 1182 2181 1229 ipse

548 1246 645 1276 creat
673 1253 829 1290 genera,
853 1242 932 1287 ejus
960 1241 1004 1276 sit
1031 1253 1181 1276 memor.

694 1299 861 1347 Exposui
897 1301 972 1346 jam
1010 1313 1136 1348 supra,
1179 1301 1213 1336 in
1255 1301 1452 1349 generibus
1494 1301 1737 1350 agnoscendis
1777 1306 1812 1337 ut
1851 1301 1969 1336 media
1995 1311 2181 1348 sequerer,

547 1371 697 1407 operam
727 1371 785 1393 me
821 1358 976 1399 dedisse,
1007 1359 1191 1394 communi
1216 1361 1361 1408 generis
1387 1360 1534 1396 nomine
1565 1360 1707 1408 species
1731 1359 2060 1408 comprehendens,
2094 1370 2181 1406 qua-

547 1430 627 1453 rum
662 1429 772 1465 quum
806 1417 922 1452 forma
955 1417 1049 1453 thalli
1084 1423 1158 1453 tum
1187 1424 1338 1453 externa
1366 1424 1400 1454 et
1427 1419 1565 1455 interna
1594 1418 1869 1467 apotheciorum
1898 1423 2074 1454 structura
2103 1429 2182 1451 cer-

546 1480 617 1512 tam
658 1476 810 1511 osterant
847 1484 882 1510 et
929 1480 1152 1512 constantem
1195 1478 1479 1525 congruentiam.
1542 1479 1580 1513 In
1617 1491 1689 1526 quo
1717 1480 1965 1524 fllassalougii,
1994 1475 2180 1516 libel-beri,

551 1537 746 1570 Treviscmie?
771 1534 997 1583 aliorumque
1024 1536 1173 1585 vestigia
1201 1542 1430 1584 persecutus,
1461 1549 1626 1584 magnam
1648 1539 1730 1583 Jure
1749 1537 1906 1578 formae,
1925 1535 2048 1574 colori,
2067 1539 2180 1570 struc—

547 1598 648 1629 turae
683 1605 873 1641 sporarum
911 1593 1113 1629 existimavi
1144 1596 1393 1630 auctoritatem
1420 1608 1502 1631 esse
1534 1596 1776 1637 conciliatam;
1807 1600 1932 1630 contra
1958 1594 2044 1630 mihi
2071 1593 2183 1642 proti-

547 1652 714 1690 tendum‚
742 1652 981 1700 perexiguam
1011 1653 1177 1689 nimirum
1207 1654 1250 1689 ad
1277 1654 1536 1703 spermogonia
1565 1667 1686 1689 curam
1712 1659 1746 1689 et
1767 1654 2001 1689 attentionem
2022 1665 2080 1688 me
2097 1664 2183 1687 con-

548 1711 689 1752 tulisse,
721 1711 846 1758 partim
877 1712 976 1760 quod
1001 1712 1113 1747 multo
1143 1725 1249 1760 quam
1281 1726 1470 1761 sporarum
1505 1713 1737 1761 paucioribus
1764 1712 1830 1748 hae
1860 1712 2054 1760 particulae
2083 1723 2183 1746 com-

547 1775 653 1819 potes
691 1774 773 1805 sunt
813 1770 1039 1812 differentiis,
1083 1772 1209 1818 partim
1251 1773 1349 1820 qnod
1384 1772 1428 1807 de
1467 1785 1553 1807 vera
1596 1784 1724 1807 eorum
1765 1776 1889 1807 natura
1927 1783 2077 1819 prorsus
2105 1769 2182 1805 fere

549 1830 650 1866 dubii
682 1834 717 1865 et
751 1829 878 1864 incerti
905 1828 1078 1865 hactenus
1106 1831 1324 1878 pendemus,
1352 1831 1478 1879 partim
1508 1831 1665 1879 denique
1691 1831 1790 1880 quod
1816 1831 1923 1866 nimia
1957 1843 2086 1866 eorum
2113 1829 2183 1865 mi—

548 1890 666 1926 nuties
694 1888 791 1925 haud
821 1890 1088 1925 contemnenda
1122 1890 1246 1937 objicit
1272 1890 1546 1938 impedimenta,
1577 1902 1622 1925 ne
1651 1889 1901 1926 characterum
1928 1890 2012 1925 inde
2042 1888 2182 1937 quaesi-

548 1954 667 1984 torum
700 1970 744 1974 —
774 1947 819 1982 ad
855 1948 1052 1996 practicum
1088 1949 1232 1997 quidem
1264 1961 1368 1984 usum
1407 1971 1451 1975 —
1485 1949 1612 1984 utilitas
1643 1949 1687 1984 sit
1715 1949 1962 1984 memoranda.
2018 1948 2105 1983 Sum
2134 1953 2185 1983 ta-

549 2020 633 2042 men
661 2006 705 2042 ad
734 2006 958 2043 credendum
987 2020 1208 2056 propensus,
1236 2008 1270 2043 in
1299 2008 1482 2056 plerisque
1514 2007 1718 2049 dumtaxat,
1749 2021 1841 2057 quae
1870 2007 2014 2048 admisi,
2042 2006 2185 2055 generi-

549 2066 618 2102 bus
647 2065 732 2101 nihil
762 2065 984 2114 singularum
1012 2066 1216 2114 specierum
1244 2067 1502 2116 spermogonia
1532 2074 1724 2116 partesque
1754 2079 1881 2102 eorum
1907 2066 2065 2102 internas
2093 2065 2186 2101 inter

550 2138 589 2160 se
618 2123 805 2160 recedere.
836 2146 878 2151 —
911 2124 985 2160 Sed
1013 2125 1118 2161 etiam
1148 2125 1228 2168 has,
1257 2139 1345 2174 quas
1376 2138 1493 2174 nuper
1515 2126 1629 2167 edidi,
1661 2126 1695 2161 in
1724 2125 1922 2173 generibus
1951 2123 2185 2160 terminandis

551 2183 741 2231 amplexus
776 2183 986 2226 sententias,
1024 2197 1158 2232 anceps
1195 2197 1305 2232 saepe
1329 2185 1450 2220 animo
1478 2184 1716 2226 haesitabam,
1752 2189 1788 2220 et
1814 2183 1995 2220 nonnullis
2019 2183 2109 2218 locis
2137 2204 2184 2210 ——

550 2242 707 2290 ingenue
734 2241 923 2290 libereque
953 2243 1076 2291 eloqui
1105 2256 1177 2278 non
1207 2256 1340 2278 vereor
1371 2265 1412 2273 -η-
1442 2256 1577 2292 genera
1603 2243 1781 2292 quaedam
1807 2245 1882 2290 jam
1911 2246 2058 2289 recepta
2091 2240 2184 2276 utin

553 2312 662 2335 unum
701 2305 929 2348 cogerentur,
967 2301 1071 2337 valde
1105 2302 1298 2338 inclinabat
1325 2302 1499 2338 voluntas.
1555 2303 1624 2337 Ast
1653 2301 1713 2337 ubi
1740 2314 1811 2337 non
1843 2301 1973 2336 ass'atim
2002 2299 2182 2336 habebam

551 2357 637 2393 mihi
672 2370 901 2405 persuasum,
936 2372 1022 2395 vera
1052 2373 1149 2402 esse,
1185 2373 1278 2409 quae
1306 2360 1508 2402 arbitrarer,
1537 2360 1691 2395 aliorum
1721 2360 1858 2394 interea
1887 2363 2075 2394 auctorum
2105 2358 2183 2405 opi-

682 2466 705 2494 1)
730 2462 810 2489 Hanc
838 2463 1018 2495 sententiam,
1052 2472 1122 2499 quae
1156 2463 1307 2499 approbata
1330 2466 1357 2489 et
1381 2466 1491 2499 accepta
1515 2473 1570 2490 uno
1593 2463 1744 2499 codemque
1768 2466 1842 2490 statu
1866 2463 2008 2490 scientiam
2034 2461 2186 2494 detineret,

554 2512 576 2539 si
598 2512 693 2539 stricte
727 2514 809 2548 atque
845 2515 1004 2539 constanter
1032 2512 1108 2548 sequi
1132 2515 1159 2538 ct
1182 2512 1326 2538 observare
1355 2511 1501 2548 placuerit,
1526 2512 1558 2539 ad
1583 2512 1731 2548 antiquum
1755 2511 1824 2539 illud
1850 2514 1962 2539 Lichem's
1985 2521 2072 2548 genus
2095 2511 2186 2538 forsan

554 2561 705 2589 tetenderis
738 2559 955 2593 restituendum,
989 2575 1029 2579 —
1063 2559 1136 2597 quod
1167 2560 1314 2587 memoriae
1342 2560 1453 2597 quidem
1480 2561 1631 2598 unicuique
1659 2565 1700 2588 est
1723 2560 1864 2588 fatendum
1889 2570 1969 2598 quam
1994 2561 2108 2588 minime
2130 2570 2189 2589 esse

555 2610 715 2643 molcstum3
739 2609 822 2637 saluti
846 2619 909 2637 vero
931 2609 1062 2637 scientiae
1087 2618 1153 2637 num
1177 2608 1228 2636 rite
1251 2609 1286 2636 sit
1309 2618 1340 2636 eo
1362 2610 1535 2643 consultum,
1559 2611 1586 2638 in
1610 2611 1701 2638 medio
1726 2610 1852 2638 volumus
1876 2610 2011 2639 relictum.
