2379 3188
614 287 693 327 152

558 394 680 436 elucet,
705 394 815 441 ipsum
843 390 1051 427 conditorem
1079 388 1178 439 hujus
1206 393 1339 439 generis
1365 390 1487 426 dixisse
1514 403 1636 425 nomen
1659 389 1947 426 Hoffmannianum
1966 392 1996 438 1)
2010 392 2172 438 antiquius

558 465 643 488 esse.
694 451 876 486 Praeterea
909 450 974 485 hoc
1013 452 1147 486 nomine
1181 463 1288 498 genus
1324 452 1411 497 justo
1450 449 1550 484 modo
1579 451 1710 485 minime
1737 450 1900 491 limitavit,
1927 450 2025 484 Lich.
2054 450 2174 484 stella—

559 525 644 551 rem,
664 510 959 559 pulverulentum,
983 515 1173 557 speciosum
1202 517 1264 545 etc.
1301 509 1365 544 huc
1398 508 1542 550 (lucens,
1567 509 1627 543 sed
1654 522 1672 544 e
1699 510 1785 544 veris
1812 508 2029 544 Imbricariis
2056 510 2174 555 (sensu

558 570 731 617 Koerb.)
757 568 986 604 tantummodo
1017 568 1058 602 L.
1076 569 1231 616 pullum,
1259 569 1515 615 centrgssfzzgnm,
1544 573 1696 613 stygium
1725 574 1758 602 et
1786 569 2054 609 Fablmwnwm,
2083 574 2174 603 cete-

560 643 611 665 ras
640 629 842 663 Platismati
869 627 922 662 vel
949 626 1122 674 Physczssae
1158 627 1363 662 adscribens.
1433 626 1610 673 Antiquius
1647 628 1743 661 etiam
1783 628 1878 663 adest
1915 629 1999 663 inter
2046 628 2173 675 plantas

561 689 826 737 phanerogamas
861 684 1087 721 Imbricariae
1118 700 1241 733 genus,
1278 699 1364 721 anno
1399 685 1493 721 1789
1529 684 1731 733 descriptum
1760 687 1790 721 in
1819 686 1927 722 Juss.
1961 686 2049 722 Gen.
2075 687 2173 734 plant.

559 747 850 794 (Commerson
886 745 931 780 ibi
959 750 995 778 ut
1029 750 1143 779 auctor
1179 745 1293 779 allatus
1320 751 1371 780 est
1405 750 1437 779 et
1463 756 1563 791 quum
1589 744 1644 779 ille
1674 744 1767 780 1773
1797 745 1882 781 diem
1913 746 2031 781 obierit
2055 759 2172 793 supre-

560 820 664 848 mum,
690 805 759 840 hoe
788 817 894 852 genus
922 803 1023 837 multo
1055 804 1219 852 antiquius
1250 804 1329 851 est),
1357 816 1456 851 quum
1486 801 1700 838 Schreber
1727 817 1819 838 suan]
1849 803 2092 839 Imbricariam
2112 804 2173 839 de-

561 858 692 914 scripsit
718 866 750 899 in
778 862 866 898 Gen.
895 862 994 910 plant.
1024 868 1044 896 t.
1074 860 1116 897 II.
1149 876 1180 910 p.
1208 861 1303 903 767,
1332 874 1417 896 anno
1448 860 1541 897 1791
1572 862 1661 910 typis
1693 865 1871 910 expressis.

704 931 719 947 '⁸
740 929 1037 965 Glaucescentes.

710 1017 738 1049 1.
792 1014 838 1049 P.
870 1014 1006 1049 tiliacea
1040 1011 1216 1061 (Ehrh.):
1253 1011 1360 1049 thallo
1388 1013 1872 1055 coriaceo-membranaceo,
1900 1011 2174 1052 subimbricato,

560 1075 658 1116 laevi,
687 1073 830 1124 glabro,
867 1070 1176 1121 eglauco-albido,
1213 1071 1338 1108 subtus
1368 1071 1471 1109 fusco
1500 1077 1535 1109 et
1562 1072 1847 1115 atrmfibrilloso,
1876 1071 2010 1108 laciniis
2034 1070 2181 1107 sinuatis

562 1133 804 1181 crenatisque;
835 1129 1034 1180 apotheciis
1060 1129 1185 1166 badiis.

712 1200 804 1250 Syn.
856 1199 1038 1234 Parmelia
1078 1199 1216 1234 tillacea
1256 1198 1357 1234 Ach.
1397 1198 1496 1235 Univ.
1538 1214 1570 1248 p.
1608 1200 1698 1241 460,
1736 1198 1814 1248 Syn.
1845 1212 1876 1246 p.
1916 1197 2002 1240 199,
2039 1196 2179 1232 Smrft.

612 1261 732 1309 Suppl.
762 1273 794 1307 p.
827 1258 914 1300 113,
940 1257 1009 1293 Fr.
1036 1257 1077 1293 L.
1104 1257 1145 1293 E.
1171 1272 1204 1306 p.
1233 1257 1298 1301 59,
1324 1257 1452 1294 Mass.
1481 1258 1587 1294 Mem.
1603 1273 1634 1307 p.
1651 1258 1708 1293 50.
1730 1280 1772 1285 --
1792 1256 1998 1292 Imbricm·ia
2021 1255 2177 1291 Koerb.

612 1321 701 1371 Syst.
729 1333 765 1367 p.
795 1317 852 1354 70.

713 1385 897 1422 Parmelia
924 1392 1056 1419 scortea
1085 1382 1182 1418 Ach.
1213 1383 1312 1419 Univ.
1339 1398 1372 1433 p.
1402 1385 1492 1427 461,
1519 1387 1599 1435 Syn.
1629 1399 1661 1433 p.
1690 1383 1770 1420 197.

715 1453 897 1489 Parmelia
922 1451 1126 1499 qzcercgifolz'a
1154 1451 1322 1487 Schaer.
1349 1451 1470 1488 Enum.
1496 1466 1528 1501 p.
1555 1451 1602 1487 43
1627 1452 1727 1500 (excl.
1753 1453 1807 1498 y.).

710 1520 806 1555 Exs.
862 1518 901 1554 L.
936 1517 993 1553 Su.
1019 1533 1048 1553 n.
1080 1519 1160 1554 169.
1196 1542 1232 1546 —-
1264 1519 1434 1556 Schaer.
1462 1535 1492 1555 n.
1517 1519 1601 1555 359.

715 1605 901 1640 Hactenus
940 1602 1182 1638 tantummodo
1223 1603 1257 1638 in
1297 1603 1456 1652 scopulis
1497 1602 1639 1639 marinis
1675 1606 1777 1638 extra
1821 1602 1938 1637 sinum
1979 1600 2178 1636 Saltensem

567 1662 810 1702 Nordlandiae
838 1661 1021 1698 rarissime
1048 1661 1177 1697 sterilis
1207 1666 1260 1697 est
1286 1662 1377 1698 lecta
1404 1662 1445 1710 (S
1457 1662 1597 1712 mrst.).

712 1731 838 1766 Forma
875 1730 924 1765 his
962 1730 1044 1765 locis
1076 1731 1207 1764 inventa
1235 1743 1252 1764 a
1280 1731 1432 1778 primaria
1457 1730 1602 1765 nonnihil
1628 1729 1754 1766 recedit
1783 1729 1905 1764 laciniis
1933 1728 2180 1776 angustioribus

566 1791 744 1838 habituque
779 1790 902 1830 alieno;
938 1788 980 1824 ad
1011 1789 1057 1825 P.
1093 1794 1266 1823 sinuosum
1295 1788 1543 1837 quodammodo
1578 1791 1701 1838 vergit,
1729 1788 1790 1824 sed
1818 1787 2001 1836 apotheciis
2034 1786 2180 1821 nondum

570 1851 646 1885 visis
674 1863 738 1884 non
767 1847 997 1884 discernenda.

715 1935 748 1969 2.
803 1934 848 1969 P.
882 1933 1046 1968 saxatilis
1079 1933 1166 1983 (L.):
1202 1932 1309 1969 thallo
1344 1932 1640 1975 membranaceo,
1666 1931 1940 1972 subimbrieato,
1969 1929 2177 1965 reticulato-

567 1992 758 2034 lacunoso,
799 1992 1110 2042 cinereo-glauco,
1148 1991 1274 2027 subtus
1313 1991 1417 2041 nigro
1455 1991 1817 2040 atro-fibrillosoque‚
1843 1990 1978 2026 laciniis
2020 1988 2179 2025 sinuato-

570 2050 713 2092 lobatis,
746 2051 907 2100 apicibus
934 2051 1078 2093 retusis;
1107 2050 1304 2100 apotheeiis
1331 2050 1456 2088 badiis.

721 2119 816 2169 Syn.
870 2119 998 2154 Lichen
1027 2120 1133 2167 foliis
1169 2120 1291 2168 planis
1329 2128 1429 2155 acute
1465 2120 1639 2154 lacim'atz's
1677 2116 2027 2165 aeruginosa-albidis
2070 2115 2180 2151 Linn.

618 2176 729 2226 Lapp.
761 2193 790 2213 n.
821 2178 903 2213 447.

718 2245 900 2280 Parmelia
927 2246 1090 2280 saxatilis
1118 2245 1220 2281 Ach.
1246 2245 1363 2282 Univ.
1387 2261 1419 2295 p.
1447 2246 1539 2288 469,
1568 2245 1647 2295 Syn.
1676 2259 1707 2293 p.
1734 2243 1823 2285 203,
1851 2243 1916 2278 Fr.
1944 2241 1984 2277 L.
2012 2242 2052 2277 E.
2075 2243 2180 2290 1161,

622 2300 788 2338 Schaer.
822 2303 944 2339 Enum.
979 2319 1010 2352 p.
1045 2305 1110 2347 44,
1143 2304 1270 2341 Mass.
1306 2305 1413 2340 Meni.
1446 2320 1477 2353 p.
1513 2305 1571 2340 49.
1600 2326 1645 2332 —-
1676 2303 1804 2339 Lichen
1833 2302 1983 2349 Wnbg.
2011 2300 2120 2349 Lapp.
2148 2315 2180 2349 p.

621 2359 703 2395 428.
735 2382 779 2388 —
807 2361 1016 2397 Imbricaria
1043 2363 1196 2399 Koerb.
1226 2363 1316 2412 Syst.
1345 2378 1376 2411 p.
1411 2364 1467 2399 7⁸2.

723 2427 818 2463 Exs.
871 2427 909 2463 L.
941 2428 997 2463 Su.
1026 2444 1055 2464 n.
1088 2430 1167 2464 168.
1199 2452 1243 2457 —-
1275 2431 1442 2465 Schaer.
1470 2445 1499 2465 n.
1529 2429 1619 2471 362,
1645 2428 1727 2463 363.

658 2559 682 2588 1>
706 2556 766 2584 Hoc
799 2567 898 2585 nomen
930 2567 984 2585 non
1017 2558 1131 2592 retinui,
1164 2558 1227 2596 quia
1261 2558 1380 2586 maxima
1402 2568 1462 2596 pars
1485 2558 1641 2596 plantarum
1664 2557 1697 2585 ad
1721 2557 1771 2585 huc
1793 2565 1879 2593 genus
1902 2555 2097 2593 pertinentium
2128 2564 2182 2583 non

574 2608 745 2639 Squamflrias
768 2607 813 2634 sed
844 2608 997 2634 Plalismala
1026 2608 1177 2636 nominarit
1205 2607 1447 2636 Hoffrnannus.
1490 2607 1632 2635 Praeterea
1656 2606 1711 2635 Cel.
1736 2605 1961 2641 Massalongo
1989 2605 2082 2636 (Mem.
2107 2604 2182 2632 Lich.

577 2665 599 2691 p.
626 2659 672 2687 48)
695 2665 793 2684 nomen
817 2657 975 2693 genericum
998 2657 1143 2685 parmenae
1165 2658 1215 2686 rite
1238 2657 1375 2685 limitavit.
