2379 3188
625 267 711 308 2914

722 374 784 410 Ad
822 379 952 412 terram
981 375 1186 426 glareosam
1215 379 1250 411 et
1279 386 1389 423 supra
1416 387 1562 411 muscos
1590 374 1754 423 putridos
1781 387 1855 411 non
1886 375 2004 412 solum
2033 389 2189 413 summa-

571 447 650 471 rum
678 434 810 483 alpium
838 436 903 472 sed
932 435 1037 472 etiam
1063 435 1099 471 in
1127 434 1339 484 regionibus
1367 446 1467 469 mere
1483 433 1624 469 arcticis
1645 446 1760 483 usque
1777 434 1822 470 ad
1841 434 1945 470 litora
1966 436 2101 471 marina
2125 436 2188 471 de-

571 494 763 531 scendens.
815 495 1002 531 Hactenus
1029 495 1121 530 lecta
1150 498 1204 530 est
1228 494 1263 529 in
1289 497 1390 542 parte
1418 492 1678 529 Scandinaviea
1707 498 1779 529 tota
1803 494 1935 542 passim
1961 494 2186 544 frequenter,

571 553 758 602 Lapponia
796 554 991 596 Kemensi,
1016 554 1081 590 ins.
1113 551 1453 602 Spitsbergensibus
1479 552 1573 600 (Bell
1599 552 1716 588 Sund:
1742 553 1773 588 J.
1801 552 1954 603 Vahl),
1984 553 2188 589 Groenlan-

571 613 630 649 dia
656 613 897 662 (Tessarmiut
924 619 959 650 et
984 612 1186 649 Amaralik:
1216 611 1341 660 idem).

721 686 865 735 Species
896 688 938 722 ab
968 687 1121 721 omnibus
1149 686 1395 733 congeneribus
1421 686 1551 719 arcticis
1575 685 1663 719 bene
1691 685 1859 728 distincta,
1885 688 1970 722 inter
1998 687 2040 722 B.
2069 701 2190 722 verna-

570 748 632 782 lem
661 753 694 782 et
720 747 904 781 miscellam
932 746 1051 781 media.
1109 744 1221 782 Quum
1247 744 1423 792 apothecia
1452 743 1660 785 suscescunt,
1697 744 1772 779 huic
1801 758 1904 792 saepe
1933 752 1984 780 est
2010 747 2189 786 simillima,

571 808 633 844 sed
660 807 871 853 distinguitur
896 805 1082 853 apotheciis
1110 805 1173 850 jam
1204 805 1353 850 primitus
1381 804 1542 837 convexis
1571 803 1873 851 immarginatisque
1902 810 1965 839 ete.
2020 803 2190 852 Specimi—

571 881 612 902 na
640 865 850 905 Dovrerffiia,
879 877 965 912 quae
990 865 1021 897 in
1048 861 1127 897 Vet.
1157 862 1223 897 Ak.
1249 861 1354 896 thrh.
1387 861 1483 896 1856
1521 875 1554 910 p.
1587 861 1657 896 126
1686 862 1866 910 descripsi,
1895 862 2080 910 apotheciis
2107 865 2191 911 juni-

571 927 686 961 oribus
715 924 910 959 aurantiacis
947 922 1077 957 suerunt
1105 922 1259 968 insignia·‚
1288 934 1386 968 quem
1414 927 1525 956 tamen
1554 921 1704 956 colorem
1736 923 1767 956 in
1795 921 1984 957 Finmarkia
2011 936 2190 970 numquam

572 984 750 1021 observavi
784 995 895 1029 neque
932 983 962 1015 in
990 981 1229 1028 speciminibus
1257 980 1299 1014 ab
1327 978 1466 1015 Smrft.
1495 981 1527 1014 in
1553 978 1757 1015 Nordlandia
1786 981 1888 1017 lectis.
1943 981 2055 1016 Adest
2080 988 2190 1017 tamen

569 1047 600 1079 in
629 1042 877 1090 exemplaribus
902 1040 1236 1088 Spitsbergensibus.
1263 1061 1314 1066 —
1340 1038 1425 1073 Asci
1458 1040 1659 1082 subc-lavati,
1687 1040 1896 1089 paraphyses
1928 1042 2189 1089 conglutinatae;

572 1116 695 1151 spor-ae
734 1106 893 1141 octonae,
935 1099 1249 1148 luteolo-byalinae‚
1290 1098 1653 1146 elongato-oblongae,
1692 1100 1795 1134 altero
1835 1102 1931 1148 apice
1962 1102 2189 1149 angustiores,

571 1164 745 1203 stow—18
772 1173 848 1194 mm.
878 1158 999 1205 longae
1025 1164 1057 1193 et
1085 1158 1280 1199 0,0035—50
1310 1171 1387 1192 mm.
1410 1158 1511 1199 latae;
1538 1158 1747 1193 inveniuntur
1761 1171 1897 1208 quoque
1913 1162 2047 1209 parcius
2062 1161 2189 1196 immix-

569 1229 621 1257 tae
652 1221 733 1255 aliae
761 1217 996 1266 ellipsoideae,
1023 1218 1117 1259 0‚012
1142 1230 1219 1252 mm.
1247 1217 1367 1265 longae
1394 1223 1429 1252 et
1456 1218 1548 1259 O‚006
1575 1231 1652 1253 mm.
1678 1218 1772 1253 latae.

717 1290 749 1325 7.
780 1289 830 1324 B.
862 1288 1013 1322 miscella
1038 1284 1200 1332 (Ach.?‚
1230 1285 1393 1331 Smrft.)
1419 1285 1502 1322 Fr.:
1532 1290 1649 1321 crusta
1677 1286 1807 1328 effusa,
1835 1287 2086 1330 crassiuscula,
2111 1300 2188 1323 car-

567 1349 927 1398 tilagineo-tartarea,
967 1358 987 1381 e
1026 1344 1185 1393 granulis
1213 1344 1341 1393 planis,
1370 1344 1564 1394 angulatis,
1590 1357 1699 1394 saepe
1728 1345 1906 1395 contiguis
1934 1352 2104 1382 contexta
2130 1346 2188 1383 vel

569 1406 902 1448 diffracto-rimosa,
929 1404 1049 1441 albida
1073 1404 1093 1441 l.
1121 1403 1599 1445 vireseenti-cinerascente‚
1629 1403 1877 1453 hypothallum
1906 1405 2119 1456 obtegente3
2147 1419 2187 1442 a—

568 1465 746 1515 potlieciis
777 1464 932 1506 adnatis,
962 1463 1099 1512 parvis,
1126 1463 1243 1512 primo
1271 1463 1386 1511 planis
1411 1467 1447 1498 et
1485 1463 1647 1512 margine
1675 1464 1773 1499 tenui
1802 1463 2017 1501 obscuriore
2045 1465 2186 1508 cinctis,

566 1526 649 1561 dein
692 1524 868 1560 convexis
895 1529 931 1559 et
958 1522 1117 1572 margine
1154 1522 1307 1559 excluso
1337 1521 1653 1565 subdifformibus,
1681 1522 1782 1559 disco
1818 1522 2139 1574 fusco-nigricante
2166 1525 2187 1561 l.

565 1584 724 1621 obscure
751 1584 1023 1624 cinnamomeo,
1052 1581 1163 1618 nudo.

714 1655 808 1704 Syn.
839 1655 988 1690 Lecz'dea
1014 1655 1165 1690 miscella
1189 1653 1327 1690 Smrst.
1355 1654 1473 1704 Suppl.
1501 1668 1535 1703 p.
1568 1654 1649 1697 158,
1673 1654 1772 1690 Ach.
1797 1653 1897 1690 Univ.
1923 1668 1956 1703 p.
1978 1655 2082 1697 167?‚
2102 1655 2184 1705 Syn.

614 1729 646 1763 p.
676 1714 747 1749 ἷὶ1ι3
775 1736 822 1741 -
851 1715 1000 1749 Biatora
1028 1714 1092 1749 Fr.
1122 1713 1163 1750 L.
1192 1714 1234 1749 Ε.
1261 1729 1294 1763 p.
1320 1713 1404 1750 274.

713 1782 863 1817 Lecideu
883 1782 1091 1829 fuscolutea
1115 1786 1141 1817 δ.
1172 1789 1462 1829 sanguineo-atra
1490 1796 1518 1817 a.
1547 1780 1690 1817 Smrst.
1715 1780 1832 1832 Suppl.
1858 1796 1889 1831 p.
1920 1781 2000 1818 167.

715 1851 866 1885 Biatora
893 1850 1156 1895 Berengeriaua
1183 1849 1312 1885 Mass.
1341 1849 1440 1885 Rich.
1470 1864 1504 1899 p.
1532 1850 1612 1886 128.

714 1917 810 1953 Exs.
840 1916 983 1952 Smrl't.
1013 1931 1042 1951 n.
1074 1916 1154 1951 131.

713 1987 753 2022 In
777 1992 872 2023 terra
899 1985 1034 2021 turfosa
1061 1997 1082 2020 e
1111 1985 1242 2021 muscis
1270 1985 1476 2033 putrefactis
1509 1990 1587 2021 orta
1616 1998 1725 2034 supra
1748 1998 1873 2034 rupes,
1899 1985 2092 2035 praecipue
2108 1998 2182 2022 ma-

562 2047 712 2089 ritimas,
740 2045 983 2082 Nordlandiae
1011 2044 1316 2092 Finmarkiaeque
1345 2044 1477 2092 passim
1504 2044 1723 2094 frequenter.

712 2118 849 2161 Planta,
875 2132 973 2167 quam
1002 2118 1200 2153 intellectam
1221 2115 1399 2152 voluerunt
1423 2117 1700 2153 Sommerfelt
1727 2125 1760 2153 et
1776 2117 1915 2158 Fries‚
1934 2119 2020 2153 bona
2037 2124 2088 2153 est
2103 2131 2182 2166 spe-

562 2181 650 2220 cies,
678 2180 778 2228 priori
808 2180 929 2219 aslinis,
958 2177 1018 2213 sed
1045 2177 1131 2212 notis
1157 2177 1260 2210 allatis
1288 2176 1382 2211 facile
1409 2176 1578 2218 distincta;
1604 2190 1678 2211 cum
1705 2177 1748 2211 B.
1764 2177 1882 2223 fusca
1908 2175 2116 2223 (Schaer.)
2146 2190 2181 2211 a—

561 2239 658 2286 liquis
685 2251 822 2286 quoque
853 2237 948 2271 adest
975 2250 1093 2277 nexus,
1121 2235 1182 2270 sed
1209 2241 1339 2270 crustae
1368 2236 1547 2284 praecipue
1574 2236 1704 2270 indoles
1733 2242 1784 2270 est
1811 2235 1954 2270 diversa.
2009 2234 2127 2278 Duae,
2155 2237 2181 2271 si

560 2298 685 2346 placet,
724 2297 878 2344 distingui
917 2301 1058 2345 possunt
1096 2295 1237 2335 formae,
1263 2294 1361 2328 altera
1393 2295 1538 2342 granulis
1567 2295 1585 2329 l.
1615 2295 1734 2329 areolis
1761 2296 1791 2329 in
1821 2300 1965 2329 crustam
1991 2296 2180 2342 contiguam

560 2356 704 2392 albidam
732 2356 898 2391 concretis
923 2356 975 2400 (ἶ
996 2355 1093 2388 Βίαῑ.
1121 2353 1425 2402 wagwiswa),
1450 2353 1550 2388 altera
1578 2361 1687 2388 crusta
1716 2354 1820 2400 magis
1846 2352 2010 2394 diffracta,
2034 2353 2179 2401 granulis

558 2416 665 2450 minus
705 2415 903 2463 apphanatis,
936 2413 1210 2460 conglomeratis,
1238 2414 1267 2447 in
1296 2414 1516 2447 virescentem
1539 2413 1738 2447 abeuntibus
1767 2412 1932 2453 colorem,
1961 2411 2044 2446 locis
2072 2411 2177 2447 humi-

561 2475 710 2510 dioribus
746 2475 842 2509 obvia
873 2480 905 2508 et
933 2473 1034 2520 vulgo
1058 2485 1121 2520 pro
1149 2473 1193 2507 B.
1221 2471 1369 2506 miscella
1396 2473 1428 2507 in
1454 2471 1616 2507 herbariis
1643 2471 1764 2506 habita.
1816 2469 1909 2505 Nulli
1950 2476 2058 2506 tamen
2095 2473 2179 2507 inter

558 2534 618 2569 has
646 2534 769 2568 formas
797 2533 918 2567 adsunt
936 2532 1063 2567 limites.
1081 2553 1128 2557 -—
1143 2531 1355 2567 Acharius
1379 2533 1512 2567 nomine
1539 2530 1619 2566 Lea
1648 2530 1816 2566 miscellae
1839 2530 1893 2564 vix
1916 2529 2001 2565 hanc
2027 2532 2176 2579 speciem

557 2593 705 2641 respexit
732 2599 766 2627 et
793 2605 860 2627 sec.
888 2590 953 2626 Fr.
984 2591 1000 2625 l.
1031 2604 1058 2625 c.
1086 2592 1174 2625 varia
1202 2592 1419 2626 commiscuit.
1473 2589 1510 2625 In
1534 2589 1627 2625 herb.
1655 2589 1780 2625 Fries
1807 2589 1903 2625 adest
1929 2590 2100 2638 specimen
2115 2589 2176 2624 hu-

557 2654 609 2698 jus
636 2652 784 2701 plantae,
824 2652 875 2686 cui
904 2650 1080 2699 adscripsit
1113 2648 1390 2686 Sommerselt
1416 2649 1580 2685 '’Lecz‘dea
1598 2649 1805 2697 fuscolutea
1829 2651 1856 2684 δ.
1884 2654 2175 2695 sanguineo-atra
