2379 3188
1715 240 1798 283 285

379 351 412 386 5.
441 351 485 386 Β.
512 354 719 398 syncomz'sta
746 346 899 395 (Flke.)
929 346 1002 383 Th.
1028 346 1109 383 Fr.:
1134 346 1240 383 thallo
1256 346 1507 392 cartilagineo,
1524 359 1853 396 rugoso-squamu-

228 408 324 451 loso,
352 408 548 458 squamulis
578 407 657 456 plus
686 406 803 442 minus
830 404 1048 447 sublobatis,
1076 406 1112 441 in
1141 410 1295 442 crustam
1323 405 1600 451 subcontiguam
1629 408 1810 449 connatis,
1833 421 1853 444 e

228 468 358 517 glauco
386 466 886 507 fnscescenti-einerascente,
912 464 1062 500 humido
1101 465 1221 508 viridi,
1249 464 1461 514 hypothallo
1491 464 1677 507 obsolet0;
1704 467 1853 515 apothe-

229 527 292 563 ciis
316 526 518 568 sessilibus,
548 524 767 575 aggregatis,
795 523 1108 574 hemisphaericis,
1147 524 1421 573 immarginatis,
1449 523 1705 573 nigro-fuscis;
1735 527 1854 575 sporis

229 584 564 626 subfusiformibus,
597 583 822 620 tetrablastis.

380 654 477 705 Syn.
520 656 670 691 Leciclea
710 654 942 690 sabuletorum
970 672 998 691 α.
1030 654 1130 690 Ach.
1158 654 1240 704 Syn.
1271 668 1304 703 p.
1331 655 1379 689 20
1414 657 1462 704 (p.
1489 659 1553 705 p.),
1585 656 1648 692 Fr.
1677 656 1716 691 L.
1745 657 1785 693 E.
1819 672 1849 706 p.

276 715 348 751 339
378 715 428 764 (p.
454 718 514 763 p.).

377 783 526 818 Lecidea
553 781 785 817 sabuletorum
808 789 838 829 β.
865 787 1075 829 syncomista
1104 781 1245 817 Smrft.
1276 781 1397 830 Suppl.
1427 796 1459 830 p.
1491 783 1572 818 155.

376 850 543 886 Bz'lzmbm
571 849 730 886 sabulosa
757 849 881 885 Mass.
903 849 1001 885 Rich.
1018 864 1051 898 p.
1075 850 1154 891 122,
1182 849 1342 886 Koerb.
1367 849 1460 900 Syst.
1489 865 1521 899 p.
1551 851 1636 886 214.

374 918 468 954 Exs.
499 917 591 966 Hep
604 933 624 968 p
651 933 681 954 n.
711 918 785 953 ‘280
812 918 990 968 (Biatora
1014 918 1244 968 Regaliana).

378 986 439 1022 Ad
467 990 599 1022 terram
625 986 757 1021 nudam
780 991 815 1021 et
829 998 976 1022 muscos
992 985 1184 1027 montium,
1200 985 1375 1034 imprimis
1391 985 1658 1027 calcareorum,
1674 984 1853 1021 Nordlan-

227 1045 307 1081 diae
349 1045 581 1094 inferalpinae
625 1049 660 1080 et
689 1045 885 1081 maritimae
917 1045 1068 1094 passim,
1097 1057 1163 1093 per
1190 1045 1419 1081 Finmarkiae
1446 1044 1629 1080 orientalis
1663 1044 1852 1088 regionem

225 1105 404 1141 silurieam
430 1104 730 1153 frequentissime.
770 1105 885 1140 Etiam
911 1104 946 1140 in
974 1104 1039 1140 ins.
1059 1103 1399 1152 Spitsbergensibus
1414 1104 1506 1152 (Bell
1528 1104 1648 1140 Sund:
1663 1104 1693 1140 J.
1712 1103 1851 1152 Vahl).

376 1177 518 1227 Species
547 1179 671 1227 optime
700 1178 868 1220 distincta,
900 1179 982 1213 miro
1018 1177 1120 1212 modo
1149 1178 1191 1213 ab
1219 1179 1413 1213 auctoribus
1440 1178 1562 1212 veteris
1581 1179 1785 1225 praetervisa
1800 1178 1853 1213 vel

226 1239 422 1278 commixtam
459 1250 581 1272 nomen
621 1239 885 1285 antiquissimum
925 1243 1032 1272 tamen
1072 1238 1209 1273 restitui.
1251 1259 1298 1264 —
1334 1236 1417 1272 Asci
1445 1237 1581 1278 clavati,
1607 1236 1852 1286 paraphysibus

226 1297 475 1344 conglutinatis,
503 1297 598 1346 apice
624 1296 794 1331 suscidulis
822 1298 934 1339 cineti3
962 1310 1084 1346 sperae
1121 1303 1282 1338 octonae,
1315 1296 1590 1337 subsusiformes,
1626 1296 1854 1346 luteolo-hya-

226 1356 326 1399 linae,
365 1357 514 1406 primitus
543 1356 622 1405 dy-,
654 1355 728 1390 dein
758 1356 946 1403 (evolutae)
974 1356 1221 1397 tetra-blastae,
1248 1356 1424 1398 0‚018-20
1452 1370 1527 1390 mm.
1556 1356 1676 1403 longae
1711 1361 1743 1390 et
1758 1356 1851 1396 0‚004

225 1432 283 1455 —5
323 1429 399 1450 min.
437 1415 532 1450 latae.
587 1413 666 1453 Quo
707 1415 849 1450 aridiore
883 1416 960 1450 loco
989 1417 1123 1451 obviam
1152 1416 1256 1457 venit,
1286 1428 1328 1450 eo
1356 1413 1600 1463 frequentiores
1628 1421 1704 1450 sunt
1731 1427 1853 1464 sporae

226 1475 412 1525 dyblastae.

774 1564 844 1605 145.
892 1566 1114 1606 Blatorw'na
1157 1565 1199 1606 Μ
1209 1579 1230 1606 a
1240 1579 1260 1606 s
1270 1579 1302 1607 s.

380 1665 527 1702 Thallus
570 1670 794 1709 crustaeeus,
837 1665 1042 1708 uniformis;
1082 1665 1271 1715 apotheeia
1306 1665 1499 1707 bizum-ina,
1523 1665 1598 1712 jam
1629 1663 1791 1712 primitus
1817 1675 1854 1698 a·

226 1731 344 1775 perta,
371 1725 543 1774 excipnlo
573 1725 721 1773 proprio
758 1737 912 1760 ceraceo
941 1724 1105 1760 colorato
1135 1725 1348 1775 marginata;
1375 1737 1508 1773 sporae
1538 1723 1617 1772 plus
1644 1723 1760 1759 minus
1786 1722 1853 1758 ob-

225 1785 372 1836 longae,
402 1784 608 1833 dyblastae,
634 1784 866 1820 incoloratae.

377 1853 497 1889 Genus
523 1854 634 1888 forsan
664 1855 759 1888 nimis
785 1854 969 1895 artificiale,
994 1868 1011 1888 a
1041 1855 1190 1889 Biatora
1205 1855 1315 1903 sporis
1335 1854 1498 1902 dyblastis
1515 1858 1638 1887 lantum
1655 1852 1853 1895 distinctum,

225 1915 359 1964 species
397 1914 603 1962 amplectens
631 1927 668 1948 se
696 1914 836 1948 invicem
876 1913 1014 1948 vinculis
1042 1920 1092 1948 sat
1121 1914 1201 1948 laxis
1235 1927 1414 1949 connexas.
1469 1912 1528 1947 Sic
1552 1925 1581 1946 v.
1614 1925 1642 1946 e.
1668 1912 1712 1947 B.
1741 1912 1853 1947 dilala

226 1976 313 2010 ascis
351 1974 500 2021 angustis
528 1980 561 2008 et
590 1974 700 2022 sporis
741 1987 803 2007 una
832 1974 919 2008 serie
956 1972 1127 2022 dispositis
1164 1979 1264 2021 atque
1292 1973 1403 2007 habitu
1432 1979 1570 2007 externo
1600 1971 1852 2020 apolheeiisque

227 2034 403 2069 urceolatis
444 2033 485 2067 ad
525 2033 712 2080 Gyalectas
740 2034 819 2068 satis
860 2035 981 2080 vergit,
1013 2046 1113 2080 quum
1143 2032 1186 2066 B.
1216 2033 1361 2080 cyrtella
1391 2032 1596 2072 Lemniam,
1621 2030 1670 2065 B.
1693 2044 1853 2079 pyracea

232 2092 453 2141 Caloplacam
480 2106 509 2128 e.
541 2107 567 2128 s.
604 2106 635 2140 p.
666 2092 821 2128 referunt.
876 2091 929 2126 Ad
960 2092 1151 2127 Biatoram
1177 2099 1350 2140 praeterea
1377 2091 1619 2136 Biatorinal)
1649 2103 1725 2124 sese
1753 2089 1854 2125 habet

229 2158 265 2187 ut
292 2152 468 2187 Ricasolia
495 2151 536 2186 ad
569 2152 787 2194 Placodmm,
816 2152 1065 2200 Dimerosporcz
1093 2151 1134 2186 ad
1162 2151 1392 2191 Lecanoram,
1427 2150 1616 2187 Catillarm
1644 2148 1685 2183 ad
1713 2148 1854 2183 Lecide-

230 2224 286 2245 am
314 2224 343 2247 e.
370 2225 395 2246 s.
423 2226 454 2260 p.

382 2281 411 2314 1.
451 2279 494 2314 B.
523 2279 635 2313 diluta
675 2278 847 2325 (Pers.):
891 2282 1010 2313 crusta
1052 2276 1278 2318 tenuissima,
1311 2276 1471 2325 leprosa,
1512 2275 1615 2311 viridi
1643 2280 1678 2310 et
1704 2275 1850 2310 (lenium

230 2334 359 2383 pallide
387 2336 652 2380 cinerascente,
680 2349 761 2373 cum
791 2336 1002 2386 hypothallo
1037 2336 1121 2372 albo
1148 2335 1316 2378 confusa;
1344 2335 1543 2385 apotheciis
1577 2334 1736 2376 minutis,
1767 2347 1853 2369 con-

317 2450 341 2480 1)
363 2448 420 2477 Cel.
452 2449 620 2478 Trevisan
653 2450 743 2482 (Linn.
771 2449 900 2478 XXVIII
933 2460 958 2487 p.
994 2453 1145 2482 289-90)
1168 2449 1281 2477 nomina
1306 2450 1457 2477 Biatorincze
1479 2453 1506 2477 et
1529 2451 1684 2476 Biatorellae
1706 2448 1733 2476 in
1757 2449 1854 2483 Spnro—

232 2499 350 2524 blaseium
372 2501 398 2525 et
421 2499 613 2532 Myrioblaslwn
637 2500 767 2533 mutavit,
790 2500 837 2527 illa
860 2509 910 2537 pro
933 2499 1092 2527 nominibus
1115 2498 1275 2536 ‘'hybritlis'·
1298 2503 1321 2530 (e
1344 2499 1434 2526 verbis
1457 2499 1562 2535 graecis
1581 2497 1729 2535 latinisque
1742 2503 1853 2525 contex-

234 2545 279 2577 tis)
313 2546 461 2575 declarans.
506 2548 559 2576 Vix
590 2552 683 2577 tamen
718 2549 802 2577 recte!
846 2549 936 2577 Verba
970 2549 1058 2583 enim,
1091 2548 1169 2586 cujus
1197 2549 1276 2576 radix
1299 2549 1326 2576 in
1350 2558 1476 2576 sermone
1498 2557 1596 2584 graeco
1619 2547 1776 2584 quaerenda
1798 2552 1853 2577 est,

235 2598 352 2631 possunt
373 2595 403 2623 in
424 2595 538 2625 latinam
561 2597 686 2635 linguam
710 2598 852 2627 transferri
875 2601 902 2626 et
924 2598 1024 2627 deinde
1045 2598 1160 2636 syllabis
1182 2598 1312 2626 finalibus
1334 2598 1429 2627 latinis
1452 2598 1561 2627 instrui.

1619 2635 1702 2670 36¹2
