2379 3188
614 284 695 326 156

710 392 890 427 Parmelzssa
916 392 1211 437 collematiformis
1236 392 1451 429 Schleich.
1483 394 1567 441 (sec.
1595 407 1687 442 spec.
1716 396 1826 443 orig.)

709 461 892 495 Parmelz'a
919 474 1045 509 aspera
1071 460 1200 496 Mass.
1229 459 1336 495 Mem.
1353 475 1385 509 p.
1405 461 1462 497 53.
1479 483 1529 488 -—
1548 461 1756 497 Imbricaria
1782 462 1844 497 ΚΟ
1858 464 1939 498 erb.
1956 462 2048 513 Syst.
2070 477 2102 511 p.
2121 462 2177 499 78.

709 527 804 563 Exs.
856 527 981 563 Mass.
1009 543 1039 563 n.
1071 527 1124 563 13.
1154 550 1199 554 —-
1226 527 1356 564 Rbnh.
1384 543 1415 564 n.
1443 528 1499 564 65.
1529 549 1573 555 -—
1600 528 1722 578 Hepp
1754 545 1784 566 n.
1812 530 1896 566 367.

708 612 770 648 Ad
796 616 944 648 truncos
971 611 1143 647 arborum
1169 611 1425 648 frondosarum
1454 618 1489 648 et
1518 625 1640 648 ramos
1664 613 1811 660 pinnum
1838 627 1904 662 per
1927 618 2038 650 totam
2057 613 2177 657 regio-

560 685 642 709 nem
680 671 976 707 Scandinavicam
1013 670 1186 719 frequens
1220 675 1256 707 et
1285 670 1384 707 ”fere
1415 671 1514 707 solus
1541 670 1658 707 lichen
1686 672 1863 709 arboreus
1890 673 1925 709 in
1956 671 2081 722 alpinis
2111 671 2177 708 ob-

560 732 656 768 vius”
684 730 882 779 (Wnbg.),
910 742 1042 778 nempe
1071 742 1091 765 e
1119 729 1412 778 perfectioribus;
1438 730 1483 766 ad
1513 730 1609 766 flum.
1636 730 1737 766 Rubi
1774 731 1858 780 legit
1888 731 2117 781 Ruprecht
2145 735 2180 767 et

557 792 592 827 in
621 789 867 827 Groenlandia
892 789 922 824 J.
951 787 1067 824 Vahl
1095 787 1321 837 frequentem
1346 788 1392 824 ad
1418 794 1566 825 truncos
1592 789 1795 826 betularum
1820 803 1983 839 saxaque
2011 802 2117 826 secus
2140 789 2180 825 li-

558 856 637 887 tora
663 861 778 898 usque
807 848 852 884 ad
880 846 1090 889 Godthaab;
1119 860 1190 883 var.
1219 855 1247 894 β.
1277 846 1451 884 hactenus
1475 849 1726 884 tantummodo
1752 853 1934 898 reportata
1961 862 1982 885 e
2007 849 2179 896 Bosekop

557 909 672 945 Finm.
702 907 878 943 occident.
908 907 951 955 (J.
981 905 1122 954 Vahl).

711 976 799 1011 Inter
826 993 854 1010 α.
883 981 915 1010 et
940 981 968 1021 β.
996 975 1144 1010 directos
1172 974 1307 1023 quidem
1336 988 1402 1010 non
1430 975 1495 1010 vidi
1526 977 1696 1018 transitus,
1723 976 1782 1011 sed
1815 978 1868 1011 vix
1906 975 2041 1017 desunt,
2076 988 2179 1023 quare

558 1043 713 1073 auctores
739 1035 799 1070 has
833 1036 1077 1083 conjungentes
1114 1034 1189 1082 (cfr.
1226 1032 1350 1083 Hepp
1378 1035 1397 1070 l.
1424 1037 1470 1082 c.)
1496 1041 1632 1070 secutus
1663 1049 1752 1077 sum3
1781 1042 1893 1084 partes
1924 1034 2177 1083 apotheciorum

556 1099 702 1132 internae
736 1096 908 1142 utriusque
943 1094 1068 1129 formae
1105 1100 1181 1129 sunt
1213 1094 1355 1129 similes:
1385 1096 1453 1129 asci
1485 1094 1749 1131 inflato-clavati.
1778 1095 1988 1144 parapliyses
2016 1093 2177 1141 congluti-

557 1162 668 1195 natae,
705 1155 801 1202 apice
829 1153 1236 1193 viridulo—snscescentes‚
1269 1166 1392 1201 sperae
1421 1153 1724 1202 subellipwideae,
1749 1155 1925 1195 Gavio—12
1955 1167 2030 1188 mm.
2060 1153 2180 1200 longae

556 1222 589 1250 et
615 1215 706 1255 Omns.
740 1226 815 1247 mm.
844 1213 937 1248 latae.

705 1297 738 1334 7.
791 1298 836 1333 P.
864 1299 1038 1333 sor-edium
1066 1295 1207 1345 (Aah.)
1240 1295 1312 1332 Th.
1340 1295 1425 1333 Fr.:
1452 1295 1560 1332 thallo
1589 1295 1886 1337 membranaceo,
1903 1293 2178 1334 suborbiculari,

556 1358 748 1407 adpreSSO,
773 1356 957 1392 viridiatro
982 1356 1001 1392 l.
1029 1355 1398 1397 umbrino-olivaceo,
1427 1355 1616 1405 subopaco
1644 1355 1663 1391 l.
1695 1354 1855 1398 nitidulo,
1880 1359 2005 1390 centro
2023 1352 2179 1390 sorediis

557 1415 864 1454 cinerascentibus
899 1414 1087 1464 pulvinatis
1121 1414 1316 1462 adsperso,
1344 1413 1480 1450 laciniis
1505 1415 1699 1464 contiguis,
1728 1414 1903 1464 angustis,
1929 1412 2176 1462 planiuseulis,

559 1474 923 1527 digitato-multifidis,
950 1474 1053 1522 apice
1083 1473 1250 1515 dilatatis;
1280 1472 1479 1521 apotheciis
1495 1474 1616 1523 (raris)
1631 1472 1978 1515 subconcoloribus,
2000 1471 2180 1512 concavis,

557 1535 717 1585 margine
742 1533 894 1583 integro,

710 1601 806 1651 Syn.
861 1601 1043 1637 Parmelia
1070 1607 1188 1648 stygia
1214 1602 1245 1635 l).
1269 1602 1442 1635 sor-ediata
1470 1600 1569 1636 Aeli.
1607 1599 1703 1635 Univ.
1739 1614 1771 1648 p.
1802 1598 1891 1640 471,
1920 1598 2003 1648 Syn.
2036 1613 2068 1646 p.
2094 1597 2180 1633 205.

705 1670 887 1705 Parmelict
916 1670 1109 1704 dendritica
1136 1668 1202 1703 Fr.
1230 1667 1270 1703 L.
1301 1668 1343 1702 E.
1374 1682 1406 1716 p.
1434 1668 1499 1709 68,
1525 1667 1666 1703 Sellae
1679 1682 1702 1702 r.
1730 1667 1853 1703 Enum.
1879 1681 1911 1716 p.
1941 1667 1989 1701 48
2020 1667 2087 1715 (b).

708 1737 803 1773 Exs.
856 1750 922 1771 non
955 1736 1019 1771 vidi
1047 1738 1129 1784 (non
1159 1735 1239 1772 Zw.
1265 1749 1296 1771 n.
1324 1735 1392 1773 187
1421 1749 1483 1770 nec
1511 1735 1672 1771 Koerb.
1704 1751 1734 1771 n.
1767 1735 1862 1784 155).

705 1821 823 1870 Supra
855 1833 944 1857 saxa
975 1820 1011 1856 iu
1041 1819 1261 1869 inferalpinis
1287 1820 1417 1861 rarius,
1448 1818 1621 1856 hactenus
1649 1819 1900 1856 tantummodo
1926 1818 1971 1855 ad
1999 1817 2180 1853 Mortens-

557 1892 643 1915 naes
670 1885 704 1916 et
732 1879 906 1916 Klubben
933 1879 1161 1915 Finmarkiae
1193 1878 1375 1914 orientalis
1403 1891 1423 1914 a
1450 1891 1508 1915 me
1536 1879 1665 1915 sterilis
1692 1878 1893 1915 observata.

705 1947 821 1992 Bona,
853 1956 887 1984 nt
922 1948 1052 1983 videtur
1089 1949 1239 1995 species,
1273 1948 1360 1983 notis
1393 1948 1497 1983 allatis
1532 1954 1564 1983 et
1595 1949 1732 1996 insuper
1757 1947 1871 1983 habitu
1900 1947 2055 1995 peculiari
2085 1945 2178 1980 facile

558 2008 708 2043 distincta
736 2022 754 2043 a
780 2009 825 2044 P.
859 2009 1022 2048 olivacea,
1054 2020 1116 2055 pro
1145 2009 1240 2053 cujus
1274 2007 1431 2041 diminuta
1467 2007 1570 2041 forma
1598 2007 1761 2042 interdum
1790 2007 1901 2041 habita
1929 2012 1996 2046 est;
2025 2004 2065 2039 ad
2095 2004 2178 2038 hanc

556 2082 631 2103 sese
656 2068 758 2103 habet
787 2073 821 2102 ut
846 2067 1002 2114 Physcia
1029 2072 1142 2101 caesia
1171 2066 1212 2101 ad
1242 2066 1310 2102 Ph.
1340 2066 1523 2101 stellarem.
1575 2065 1672 2101 Hanc
1703 2068 1733 2101 in
1762 2065 1820 2101 Fr.
1850 2065 1889 2101 L.
1909 2065 1949 2100 E.
1964 2065 2086 2112 respici
2102 2077 2178 2099 sua-

557 2127 634 2162 dent
666 2127 847 2174 descriptio
882 2133 914 2161 et
951 2128 1131 2174 specimina
1159 2126 1362 2168 authentica,
1390 2127 1540 2174 quamvis
1572 2139 1782 2175 synonymon
1809 2124 1949 2160 Smrst.
1979 2124 2108 2158 allatum
2137 2123 2178 2157 ad

556 2186 600 2220 P.
628 2186 810 2234 alpicolam
838 2187 1010 2233 pertineat.
1062 2184 1199 2220 Nomen
1226 2185 1438 2220 dendriticae
1465 2192 1573 2220 tamen
1596 2198 1662 2220 non
1689 2184 1839 2226 adhibui,
1876 2185 1949 2232 quia
1979 2183 2178 2230 descriptio-

558 2258 631 2279 nem
659 2243 886 2279 Persoonii
914 2258 979 2279 non
1007 2244 1072 2278 vidi
1096 2251 1128 2279 et
1151 2251 1321 2292 praeterea
1352 2250 1403 2279 est
1429 2243 1653 2279 denominatio
1682 2243 1862 2279 admodum
1893 2256 1992 2290 vaga,
2019 2242 2177 2289 antiquis-

558 2305 674 2337 simum
691 2317 709 2337 e
730 2304 827 2338 certis
856 2303 1043 2338 nominibus
1078 2304 1213 2338 restitui.
1276 2303 1322 2339 P.
1346 2303 1539 2338 dendrilica
1568 2302 1705 2345 Mass„
1733 2302 1826 2352 Nyl.
1854 2316 1878 2337 s.
1905 2302 1950 2337 P.
1981 2299 2178 2350 Sprengelii

558 2361 682 2402 Flke„
710 2361 868 2396 Koerb.
894 2364 1027 2395 omnino
1052 2361 1183 2396 diversa
1213 2369 1263 2397 est
1292 2368 1332 2403 et,
1349 2363 1374 2396 si
1394 2361 1477 2396 fides
1505 2362 1743 2410 speciminibus
1770 2363 1875 2396 minus
1899 2361 1997 2395 bonis
2025 2358 2177 2394 Sohae-

559 2422 734 2456 rerianis
769 2422 855 2466 (exs.
888 2434 917 2454 n.
945 2419 1036 2468 372)
1063 2426 1096 2455 et
1124 2419 1407 2454 Flotowianis
1435 2421 1482 2466 (in
1508 2420 1602 2455 herb.
1627 2420 1778 2466 Fries.)
1814 2419 1966 2454 habenda
1995 2424 2064 2459 est,
2092 2419 2177 2453 veri-

558 2481 704 2516 similiter
746 2479 847 2513 modo
891 2479 994 2513 forma
1036 2479 1182 2513 saxicola
1217 2479 1261 2513 P.
1289 2479 1471 2519 olivaceae;
1498 2479 1659 2513 affirmare
1687 2479 1801 2513 saltem
1833 2478 1941 2513 audeo
1967 2477 2175 2512 Friesium

558 2553 637 2579 non,
668 2546 699 2573 ut
725 2538 847 2573 dictum
876 2537 952 2579 vidi,
977 2537 1059 2571 hanc
1086 2536 1128 2571 ad
1155 2551 1247 2572 suam
1275 2538 1320 2573 P.
1347 2538 1573 2572 demlriticam
1602 2537 1764 2573 retulisse.
1806 2536 2014 2572 Imbricmia
2031 2537 2176 2572 demissa

560 2598 713 2633 Koerb.
745 2596 835 2646 Syst.
865 2611 897 2645 p.
928 2596 976 2631 80
1003 2596 1226 2642 (Placodium
1259 2595 1323 2644 Pg.
1350 2611 1382 2645 p.
1412 2595 1478 2645 55)
1506 2603 1555 2632 est
1586 2597 1645 2631 alia
1674 2603 1722 2638 et,
1750 2603 1788 2631 ut
1818 2595 1957 2637 videtur,
1984 2609 2100 2644 parum
2128 2598 2176 2631 in-

559 2659 661 2706 signis
689 2658 831 2704 species.
858 2678 901 2683 —
935 2654 1019 2691 Asci
1044 2657 1170 2704 speciei
1195 2658 1380 2705 praesentis
1407 2657 1651 2692 subventricosi
1672 2656 1691 2691 l.
1718 2656 1984 2698 inflato-clavati,
2008 2655 2175 2704 pamphy-
