2379 3188
1670 236 1750 277 115

322 344 387 381 His
421 342 624 392 praemissis
662 340 1052 382 animadversionibus,
1077 342 1151 387 jam
1180 339 1226 375 ad
1251 352 1344 388 opus
1374 340 1597 388 propositum
1629 354 1687 377 me
1716 354 1802 377 eon-

186 408 327 439 vertere
360 401 473 442 lubet,
511 400 595 436 licet
630 412 750 448 neque
778 411 899 434 rerum
925 398 1052 447 copiae
1080 397 1381 448 magnitudinisve
1406 411 1526 448 neque
1554 398 1802 437 imbecillitatis

189 461 313 498 virium
340 472 500 495 mearum
528 458 594 494 sim
618 458 760 494 inscius.
813 457 932 493 Decet
958 462 1076 493 autem
1106 469 1234 493 omnes
1260 456 1425 493 homines
1452 457 1488 492 in
1516 456 1667 493 aliorum
1692 458 1802 496 rebus

189 518 428 556 aestumandis
456 522 642 553 mansuete
669 522 776 565 atque
802 515 1031 565 indulgenter
1049 515 1226 563 judicium
1251 515 1372 552 facere
1391 539 1424 543 -
1449 515 1514 552 ''nil
1540 516 1635 552 enim
1658 516 1802 554 humani

186 590 233 614 ex
260 577 356 613 omni
382 582 481 625 parte
509 575 744 624 completum''
774 597 836 617 —,
862 575 962 624 quod
988 579 1023 611 et
1052 574 1134 611 huic
1151 575 1329 624 opusculo
1343 574 1471 611 iterum
1488 575 1691 625 iterumque
1707 589 1800 626 opus

183 641 236 672 est
272 647 491 684 exposcere,
527 646 600 683 quo
626 633 672 670 ad
698 633 911 682 penitiorem
941 633 1107 670 locorum
1134 633 1220 683 polo
1250 634 1383 670 arctico
1411 633 1661 682 subjectorum
1689 648 1799 685 vege-

180 694 319 731 tationis
346 693 588 743 cognitionem
617 705 683 741 pro
711 691 802 728 virili
830 697 981 728 conatus
1005 706 1085 729 sum
1113 692 1297 734 conferre,
1327 705 1409 728 nam
1437 693 1543 729 variis
1571 692 1668 730 haud
1688 693 1798 731 dubie

180 751 420 802 gravibusque
448 751 540 787 forte
567 750 708 788 laborat
731 751 832 787 vitiis.
888 753 992 797 Quae
1021 751 1227 795 clementer,
1263 764 1417 802 quaeso,
1446 752 1649 789 indicentur
1674 758 1709 789 et
1735 753 1798 790 de-

181 816 432 853 monstrentur,
468 823 537 847 nec
570 809 719 846 meliora
754 810 907 847 edoctus
940 811 977 847 in
1013 810 1116 846 aliam
1145 810 1320 847 dubitabo
1348 811 1562 847 sententiam
1588 811 1797 855 discedere;

179 883 272 920 quae
311 882 397 906 vera
433 874 551 906 autem
593 869 646 905 rei
685 869 804 906 inesse
840 870 1005 912 conlido,
1035 876 1109 906 rata
1136 869 1226 907 haec
1252 869 1453 907 habeantur
1476 871 1720 921 scientiaeque
1750 872 1797 908 ad

178 930 361 965 veritatem
390 950 434 956 —
460 927 654 977 paullulum
681 929 827 978 quidem
857 953 903 958 —
932 929 1081 978 propius
1114 929 1373 978 provehendae
1405 930 1616 967 inserviant!
1655 932 1796 968 Graves

179 995 214 1024 et
237 988 389 1024 acerbae
414 987 701 1030 controversiae,
730 1000 824 1037 quae
852 988 1076 1024 dedecorant
1100 987 1153 1025 his
1178 989 1404 1038 temporibus
1425 990 1610 1026 seientiam
1627 995 1663 1026 et
1678 990 1795 1027 laces-

178 1053 259 1083 sunt
285 1046 521 1095 infestantque
548 1047 628 1094 eJ'us
656 1047 813 1083 studium
843 1047 1038 1095 (interdum
1060 1048 1228 1084 videlicet
1242 1048 1452 1085 obtenditur
1464 1053 1598 1085 tantum
1615 1062 1795 1098 personae

179 1108 253 1155 res)
274 1117 418 1141 omnem
439 1105 646 1141 necessario
670 1105 839 1142 omnibus
863 1120 1003 1143 morem
1028 1107 1179 1157 gerendi
1195 1107 1418 1144 abstulerunt
1430 1120 1543 1156 spem.
1572 1107 1692 1145 Multis
1705 1109 1794 1145 locis

177 1164 330 1200 mediam
356 1163 448 1200 inter
480 1168 630 1213 utraque
659 1169 822 1202 extrema
846 1166 940 1203 viam
966 1166 1108 1217 ingredi
1133 1180 1212 1203 sum
1235 1172 1402 1209 conatus,
1429 1180 1550 1217 neque
1563 1173 1683 1204 tamen
1703 1181 1793 1205 vana

175 1236 239 1273 spe
258 1223 446 1272 deceptus,
466 1222 545 1259 fore
561 1228 597 1260 ut
614 1225 811 1261 contrarias
826 1227 1021 1262 sententias
1038 1225 1105 1262 hac
1119 1226 1258 1263 ratione
1280 1238 1542 1275 componerem
1563 1240 1606 1263 ac
1626 1228 1792 1264 reconci—

174 1283 298 1319 liarem
323 1295 442 1332 neque
475 1289 512 1319 ut
545 1282 850 1332 reprehensiones
885 1284 1022 1321 facilius
1048 1285 1404 1334 obtrectationesque
1429 1285 1639 1336 effugerem.
1696 1287 1791 1332 Quin

174 1347 296 1378 eontra
338 1365 376 1369 —
416 1342 512 1378 velut
551 1342 644 1378 inter
675 1342 771 1379 acies
807 1343 994 1380 forficulae
1020 1343 1281 1393 quodcumque
1311 1344 1498 1394 delapsum
1522 1350 1592 1386 est.
1618 1359 1639 1382 a
1666 1352 1792 1383 neutra

173 1401 220 1438 illi
245 1405 412 1450 parcetur
436 1423 484 1429 —
507 1401 641 1450 pariter
667 1401 727 1451 qui
754 1402 911 1439 mediam
938 1403 973 1439 in
1004 1403 1152 1440 scientia
1178 1403 1390 1440 sententiam
1422 1404 1656 1452 amplectitur,
1681 1405 1791 1441 utrin-

174 1473 245 1510 que
284 1459 365 1496 huic
405 1459 490 1496 satis
528 1460 605 1496 scio
647 1460 915 1499 criminationes
961 1462 1176 1512 obstrepere
1206 1467 1314 1512 atque
1340 1463 1631 1512 vituperationes.
1691 1466 1791 1509 Quas

171 1523 287 1556 tamen
339 1518 616 1568 haudquaquam
664 1532 743 1556 sum
796 1533 907 1571 aegre
953 1522 1105 1565 laturus,
1153 1522 1355 1559 dummodo
1397 1522 1713 1560 observationibus
1756 1530 1791 1560 et

172 1578 348 1628 autopsia,
377 1590 450 1614 non
479 1579 699 1626 conjecturis
726 1579 920 1617 arbitriove
946 1581 1149 1625 innitantur,
1177 1595 1254 1618 rem
1281 1582 1395 1631 ipsam
1419 1595 1461 1618 ac
1475 1582 1698 1625 sententiam,
1715 1595 1789 1619 non

172 1649 363 1687 personam
392 1637 449 1674 vel
473 1637 613 1687 singula
640 1638 752 1675 verba
778 1646 951 1689 expetant
978 1646 1084 1691 atque
1113 1641 1296 1691 castigent.
1339 1641 1554 1690 eujusmodi
1571 1643 1788 1679 recensione

171 1697 304 1746 optime
331 1696 499 1733 scientiae
526 1697 729 1735 consultum
759 1700 841 1742 erit,
866 1701 1064 1751 intimeque
1093 1713 1150 1737 me
1179 1701 1295 1750 ipsum
1319 1700 1460 1749 juvabit
1486 1714 1635 1751 operam
1663 1702 1698 1737 in
1721 1701 1788 1738 hac

170 1770 209 1793 re
235 1755 583 1806 quantulamcunque
604 1758 824 1806 praestitisse
853 1782 898 1787 —
928 1765 1035 1810 atque
1063 1761 1132 1797 hoc
1156 1761 1287 1803 modo,
1314 1765 1352 1797 ut
1375 1760 1423 1796 ait
1445 1761 1681 1811 Augustinus,
1703 1775 1787 1810 pro-

171 1815 376 1865 grediamur
409 1815 467 1851 via
497 1815 666 1859 caritatis,
700 1818 890 1857 tendentes
924 1820 970 1856 ad
998 1821 1138 1863 Unum,
1165 1820 1212 1857 de
1241 1832 1313 1870 quo
1341 1819 1475 1856 dictum
1502 1826 1572 1857 est:
1614 1821 1786 1866 Quaerite

170 1877 250 1923 ejus
276 1873 404 1910 faciem
429 1877 590 1924 semper!

319 1941 482 1991 Upsaliae
505 1942 658 1980 Kalend.
688 1945 802 1995 April.
834 1945 1079 1985 MDCCCLX.
