2379 3188
599 290 682 333 238

700 398 793 448 Syn.
826 398 1006 433 Lecanora
1032 396 1140 433 rubra
1166 397 1266 433 Ach.
1299 397 1395 433 Univ.
1427 412 1459 447 p.
1485 399 1568 440 389,
1595 397 1679 448 Syn.
1711 413 1741 447 p.
1773 399 1854 440 177,
1885 398 2021 435 Smrft.
2048 400 2165 447 Suppl.

599 471 630 506 p.
658 457 715 499 90,
745 457 913 493 Schaer.
943 457 1062 493 Enum.
1089 472 1121 505 p.
1149 458 1206 492 84.
1233 479 1283 485 ·—
1309 458 1491 493 Parmelia
1519 458 1582 493 Fr.
1609 457 1648 492 L.
1677 457 1718 492 E.
1752 472 1784 506 p.
1817 459 1897 494 134,
1924 480 1974 486 —-
2007 458 2169 506 Phialop—

598 522 645 551 sis
674 516 830 553 Koerb.
860 516 953 566 Syst.
981 531 1013 565 p.
1046 518 1124 558 170,
1153 516 1279 552 Mass.
1312 516 1431 552 Descr.
1464 516 1539 552 Alc.
1571 516 1661 552 Lich.
1690 532 1722 565 p.
1752 518 1809 553 90.

699 584 796 620 Exs.
825 584 866 620 L.
894 584 955 620 Su.
985 598 1015 620 n.
1042 585 1100 620 41.
1131 605 1174 610 —
1205 584 1384 619 Schaer.
1413 598 1442 619 n.
1472 584 1554 619 319.
1582 606 1627 612 —
1660 584 1803 620 Stenh.
1833 600 1863 620 n.
1890 585 1948 620 48.

701 652 795 687 Intra
832 650 960 687 limites
999 651 1130 686 Florae
1171 650 1325 686 arcticae
1361 650 1551 685 observata
1580 651 1691 686 modo
1720 657 1775 687 est
1798 665 1904 700 supra
1931 665 2077 688 muscos
2106 664 2172 700 pu-

548 707 662 745 tridos
705 715 910 759 terramque
950 710 1090 758 rupium
1122 708 1411 756 inferalpinarum
1446 708 1690 745 Nordlandiae
1721 710 1892 746 Saltensis
1927 710 2104 757 (Smrft.‚
2131 710 2169 746 F.

553 766 736 813 Unand.)
765 774 799 804 et
828 769 921 804 circa
949 768 1122 816 oppidum
1148 768 1330 803 Tromsoe
1357 767 1584 803 Finmarkiae
1609 768 1841 804 occidentalis
1856 769 2000 817 (Blytti
2017 769 2168 817 parcius.

699 856 781 891 Asci
809 857 940 896 clavati,
969 855 1177 903 paraphyses
1204 855 1275 889 laxe
1304 854 1540 895 cohaerentes,
1568 856 1663 902 apice
1691 857 1890 890 incrassatae
1919 862 1950 890 et
1975 855 2172 893 fuscidulae3

548 928 669 965 sporae
698 922 856 957 octonae,
878 916 1029 962 utrinque
1045 915 1203 954 obtusae,
1220 913 1529 962 luteolo-hyalinae,
1547 915 1717 955 omis—21
1741 928 1815 949 mm.
1832 915 1951 962 longae
1967 921 1999 949 et
2015 915 2169 956 omos-s

549 990 624 1011 mm.
666 977 757 1010 latae.
800 996 844 1001 —
882 973 1120 1012 characteres,
1150 973 1270 1019 quibus
1298 973 1407 1006 nititur
1449 986 1555 1019 genus
1582 973 1799 1023 Phialopsm,
1827 988 1925 1022 supra
1958 980 2033 1009 sunt
2069 973 2170 1013 allati,

550 1037 611 1072 sed
648 1050 708 1071 eos
735 1049 799 1070 nou
828 1047 904 1069 esse
933 1032 1150 1072 sufficientes,
1178 1031 1265 1066 haud
1293 1032 1394 1066 dubie
1420 1033 1596 1080 unicuique
1623 1039 1730 1080 patet,
1759 1035 1812 1081 qni
1842 1048 1871 1068 v.
1897 1047 1925 1067 c.
1957 1033 1997 1068 G.
2012 1033 2171 1080 foveola-

549 1110 618 1131 rem
647 1095 698 1130 vel
726 1099 879 1140 geoicam
906 1092 1103 1126 accuratiori
1131 1092 1263 1137 subjicit
1291 1092 1440 1126 examini.
1496 1090 1643 1127 Inveniet
1671 1094 1755 1127 enini
1785 1092 1960 1140 apothecia
1991 1096 2072 1138 (non
2091 1105 2171 1140 pau-

551 1169 605 1197 ca,
634 1153 694 1189 sed
722 1150 1071 1201 pe1·multa)excipulo
1104 1163 1211 1198 aeque
1240 1151 1409 1198 completo
1437 1150 1582 1186 tliallode
1610 1153 1782 1194 instructa,
1817 1158 1851 1186 nt
1878 1151 1952 1186 lmic
1979 1153 2025 1186 rei
2052 1151 2171 1186 nullam

549 1217 647 1252 fidam
684 1220 795 1249 nolam
823 1213 934 1247 inesse
961 1215 1123 1258 agnoscat
1149 1223 1289 1245 necesse
1317 1211 1375 1251 εἰη
1402 1209 1519 1244 eadem
1547 1224 1608 1245 nos
1633 1210 1756 1245 docent
1781 1211 1962 1259 Aspiciliae
1989 1216 2021 1245 et
2050 1209 2172 1245 Urceo-

548 1277 659 1311 lariae
687 1274 837 1321 species,
865 1270 987 1306 eodem
1015 1269 1116 1304 modo
1146 1269 1257 1316 quoad
1283 1269 1471 1317 excipnluin
1501 1268 1663 1304 thallodes
1694 1271 1864 1304 variantes.
1920 1269 2048 1317 Speras
2064 1275 2172 1304 auten}

549 1338 576 1372 si
616 1335 851 1372 observamus,
888 1328 977 1377 apud
1016 1328 1075 1363 has
1113 1330 1167 1363 vix
1195 1329 1290 1362 ullam
1324 1328 1537 1363 differentiam
1577 1330 1722 1364 invenire
1749 1329 2018 1369 licet;CO1]le1·as
2046 1342 2096 1363 ex.
2124 1341 2173 1375 gr,

548 1393 718 1442 Leiglnt.
746 1391 836 1438 Ang.
866 1396 887 1424 t.
916 1387 1003 1424 XIII
1031 1388 1049 1422 s.
1079 1387 1100 1421 3
1127 1394 1160 1422 et
1183 1394 1202 1421 t.
1228 1386 1318 1422 XIV
1342 1388 1361 1423 f.
1394 1391 1431 1429 1,
1461 1387 1615 1423 Koerb.
1645 1387 1738 1437 Syst.
1767 1395 1787 1423 t.
1818 1387 1867 1423 III
1895 1388 1913 1422 l'.
1942 1390 1956 1422 1
1990 1387 2020 1422 d.
2049 1394 2081 1422 et
2107 1387 2127 1421 s.
2150 1386 2172 1420 9

548 1455 579 1490 d.
609 1453 661 1489 vel
688 1450 815 1487 Mass.
840 1447 938 1483 Rich.
966 1447 1042 1495 figg.
1076 1446 1150 1481 286
1180 1454 1211 1481 et
1240 1447 1327 1481 284!

695 1523 710 1539 ⁴*
735 1523 750 1538 ⁴*
774 1518 987 1569 Apotheciis
1032 1518 1188 1554 zeorinis
1224 1517 1279 1554 vel
1317 1518 1488 1566 excipulo
1528 1517 1685 1553 thallode
1719 1517 1938 1566 incompleto
1970 1517 2172 1553 evanidove

548 1578 912 1633 pseudo-biatorinis:
948 1579 1116 1626 Gyulecta
1141 1576 1318 1618 Koerb.y
1351 1578 1519 1625 Gyalecta
1546 1582 1581 1612 et
1607 1579 1763 1624 *S'ecoliga
1791 1577 1920 1612 Mass.

705 1660 738 1695 ἱ).
795 1658 836 1693 G.
854 1656 1042 1701 fozveolaris
1072 1652 1194 1691 Ach.:
1224 1658 1341 1688 crusta
1370 1665 1505 1693 crassa,
1535 1652 1603 1687 late
1632 1653 1760 1694 effusa,
1789 1663 2004 1692 verrucosa,
2033 1651 2171 1687 cinera—

550 1726 689 1760 scente,
721 1716 839 1753 albida
865 1715 883 1751 l.
914 1712 1234 1754 cinereo-virente,
1270 1711 1519 1760 hypothallum
1553 1716 1713 1760 tegente3
1746 1710 1944 1759 apotheciis
1977 1710 2172 1752 immersis,

551 1777 760 1818 urceolatis,
790 1772 1014 1822 majusculis,
1043 1772 1144 1807 disco
1172 1776 1331 1807 testaceo
1361 1770 1379 1806 l.
1408 1770 1680 1812 ssavo-rubello,
1717 1770 1876 1815 margine.
1903 1769 2050 1817 proprio
2066 1770 2172 1810 tenui,

549 1837 693 1888 pallido,
721 1835 872 1875 elevato,
900 1845 920 1868 a
947 1830 1104 1867 thallode
1134 1830 1318 1865 crenulato
1346 1830 1453 1879 vulgo
1484 1830 1631 1866 omnino
1659 1835 1771 1871 tecto;
1796 1829 1914 1877 sporis
1949 1827 2172 1868 tetrablastis,

550 1891 967 1946 ellipsoideo-oblongis.

703 1968 795 2018 Syn.
828 1965 1027 2001 Urceolaria
1040 1962 1235 2010 foveolaris
1264 1961 1362 1995 Ach.
1387 1961 1495 1997 Meth.
1523 1975 1554 2010 p.
1587 1961 1666 1995 149.
1684 1982 1730 1988 -—
1750 1959 2048 2007 LichenWang.
2066 1959 2162 2007 Lapp

600 2044 632 2078 p.
665 2029 749 2062 405.

705 2095 874 2143 Gyalecta
907 2088 1216 2136 lVahleubergimm
1245 2087 1346 2122 Ach.
1371 2086 1470 2122 Univ.
1499 2102 1530 2135 1).
1566 2087 1635 2122 152
1665 2094 1696 2122 et
1725 2086 1808 2136 Syn.
1836 2101 1868 2135 p.
1889 2087 1910 2122 9
1932 2087 2032 2132 (excl.
2049 2100 2113 2121 var.
2127 2088 2162 2135 β)

703 2163 852 2198 Lecz'deoe
869 2159 1064 2207 foz'eolm'is
1092 2176 1120 2192 α.
1156 2153 1464 2201 li'alzlewbergiana
1491 2155 1558 2190 Sin
1569 2171 1583 2191 ι·
1594 2157 1631 2190 ft.
1664 2155 1783 2203 Snppl.
1812 2169 1843 2203 p.
1877 2154 1956 2190 171.

707 2230 876 2277 Gyalecta
905 2227 1086 2275 cchztlam's
1113 2230 1140 2271 β.
1158 2224 1353 2272 sozveolaris
1381 2222 1444 2258 Fr.
1470 2222 1510 2257 L.
1536 2222 1576 2257 E.
1610 2238 1683 2271 pag.
1718 2223 1796 2257 196.

705 2297 800 2332 Exs.
831 2295 902 2331 Th.
931 2294 995 2329 Fr.
1025 2308 1054 2328 u.
1086 2294 1142 2327 10.
1171 2313 1216 2319 —
1245 2290 1385 2326 Stenll.
1406 2305 1434 2325 n.
1463 2291 1521 2325 50.
1553 2312 1598 2318 --
1630 2290 1770 2325 Snlrl't.
1796 2304 1825 2325 n.
1853 2289 1910 2323 52.

711 2364 827 2412 Supra
860 2374 1007 2397 muscos
1042 2359 1246 2395 destructos
1282 2357 1371 2392 locis
1402 2357 1546 2392 turfosis
1572 2369 1679 2391 secus
1708 2368 1791 2391 oras
1817 2354 2062 2390 Nordlandiae
2090 2354 2170 2389 Fin-

552 2423 785 2471 markiaeque
812 2420 919 2457 totius
948 2419 1080 2468 passim
1113 2418 1199 2454 latas
1229 2429 1411 2465 occupans
1439 2416 1578 2465 plagas;
1607 2416 1748 2463 parcius
1775 2414 1877 2449 adest
1903 2413 1937 2448 in
1968 2413 2054 2461 ipsis
2087 2414 2171 2461 alpi-

553 2482 638 2524 bus,
668 2481 728 2517 ubi
754 2486 873 2516 tamen
900 2491 1014 2528 usque
1041 2478 1076 2514 in
1104 2476 1324 2525 Lapponiam
1352 2476 1574 2511 Kemensem
1597 2473 1820 2522 mai-avara:
1848 2471 2016 2520 Wnbg.)
2044 2478 2078 2508 et
2101 2473 2170 2508 Lu-

552 2541 689 2577 lensem
719 2539 942 2587 lemmnats:
973 2536 1215 2575 Cederstr.i
1245 2535 1484 2584 progreditur.

704 2616 846 2664 Species
884 2615 981 2662 liujus
1020 2615 1176 2649 sectionis
1202 2613 1326 2660 optime
1356 2610 1487 2646 evoluta
1512 2615 1620 2645 crusta
1648 2622 1774 2651 crassa,
1801 2608 2092 2656 snbcartilaginea,
2122 2610 2173 2644 vix

552 2689 707 2724 umquam
734 2674 916 2724 ''leprosa⁷'‚
943 2673 1127 2722 apotheeiis
1155 2672 1277 2720 ”saepe
1315 2671 1396 2705 ultra
1434 2670 1550 2704 lineam
1579 2670 1649 2704 latis
1677 2675 1709 2704 et
1737 2668 1863 2703 ocellos
1891 2667 2112 2715 perpulchros
2138 2669 2168 2702 in
