2379 3188
515 287 749 324 CARLSON
794 288 1013 338 (Fredericus
1052 288 1190 335 Ferd.),
1232 288 1360 325 Philos.
1396 288 1540 331 Doctor,
1580 288 1666 325 Hist.
1691 289 1875 326 Professor
1900 288 2129 338 Upsaliensis‚

611 348 817 383 Academiae
859 348 1036 384 Svecanae
1077 348 1339 390 Octodecimvir,
1378 347 1491 397 Regg.
1528 348 1635 384 Ordd.
1667 349 1709 385 de
1738 348 1840 384 Stella
1865 348 1996 390 Polari‚
2019 348 2060 384 de
2089 348 2127 384 S.

612 407 721 442 Olavo
749 414 782 443 et
810 407 852 443 de
878 407 1075 455 Danebrog.
1103 407 1230 455 Eques.

516 464 797 501 SVANBERG
825 466 1039 511 (Laurentius
1064 465 1202 511 Fred.),
1229 464 1355 500 Philos.
1383 463 1528 507 Doctor,
1557 465 1714 501 Cheniiae
1741 465 1922 502 Professor
1951 465 2129 514 Upsalien—

614 527 674 567 sis,
699 525 788 573 Reg.
820 525 903 561 Ord.
932 525 973 560 de
1002 523 1106 559 Stella
1134 524 1245 559 Polari
1272 523 1401 571 Eques.

515 583 643 620 HUSS
671 584 868 632 (Magnus),
893 582 985 618 Med.
1014 582 1158 624 Doctor,
1182 582 1322 629 Collegii
1349 581 1440 617 Med.
1475 581 1636 623 Praeses,
1669 581 1955 617 Nosocomiorum
1989 583 2129 619 Sveciae

614 642 775 679 Director
811 643 993 691 generalis,
1033 640 1146 689 Regg.
1190 641 1298 677 Ordd.
1341 641 1382 675 de
1424 639 1529 675 Stella
1558 640 1668 675 Polari
1694 647 1726 675 et
1754 640 1795 675 de
1824 639 1860 675 S.
1890 641 1999 677 Olavo
2026 642 2127 677 Com-

615 702 797 743 mendator,
824 700 912 748 Reg.
941 700 1024 736 Ord.
1056 699 1168 736 Caroli
1194 699 1283 735 XIII
1312 706 1344 735 et
1375 698 1573 748 Danebrog.
1601 698 1729 747 Eques.

515 760 630 796 HILL
661 761 818 807 (Carolus
845 759 1050 807 Johannes)‚
1079 759 1205 795 Philos.
1232 758 1376 801 Doctor,
1395 758 1595 794 Matheseos
1621 758 1801 794 Professor
1818 757 2022 801 Lundensis,
2039 758 2127 807 Reg.

617 819 699 855 Ord.
729 819 771 855 de
796 818 901 854 Stella
928 818 1039 853 Polari
1065 817 1194 866 Eques.

514 865 804 914 ANGSTROM
832 878 1004 927 (Andreas
1031 877 1135 926 Jon.)‚
1163 878 1287 913 Philos.
1316 876 1460 919 Doctor,
1488 876 1651 926 Pliysices
1679 875 1858 911 Professor
1888 875 2105 924 Upsaliensis.

516 936 844 973 SUNDEWALL
873 937 1031 984 (Carolus
1059 936 1244 985 Jacobns),
1269 935 1352 971 Med
1383 935 1524 977 Doctor,
1553 935 1732 970 Professor
1759 941 1790 970 et
1819 934 1932 970 Musei
1952 935 2127 985 Zoologici

614 996 818 1032 Holiniensis
846 996 1056 1037 Praefectus,
1084 995 1172 1044 Reg.
1200 994 1286 1031 Ord.
1305 995 1346 1030 de
1365 994 1465 1030 Stella
1483 994 1591 1030 Polari
1608 1001 1639 1029 et
1655 993 1814 1041 Legionis
1831 994 1979 1030 Honoris
1996 995 2124 1044 EqueS.

513 1048 651 1092 KNOS
686 1056 858 1104 (Andreas
892 1055 1047 1103 Ericus)‚
1080 1055 1201 1089 Theol.
1238 1061 1270 1089 et
1295 1054 1419 1089 Philos.
1448 1053 1591 1095 Doctor,
1615 1053 1715 1088 Prim.
1743 1053 1863 1088 Theol.
1895 1054 2074 1090 Professor
2096 1063 2128 1091 et

613 1115 934 1163 Archipraepositus
964 1113 1190 1162 Upsaliensis,
1214 1112 1304 1161 Reg.
1332 1113 1415 1148 Ord.
1446 1113 1488 1148 de
1516 1113 1617 1148 Stella
1645 1113 1755 1147 Polari
1782 1111 1987 1149 Membrum.

514 1165 781 1210 BOTTIGER
807 1173 963 1221 (Carolus
992 1172 1115 1220 Guil.)‚
1140 1172 1265 1207 Philos.
1294 1171 1438 1213 Doctor,
1464 1171 1659 1207 Litterarum
1688 1170 1829 1206 Recent.
1849 1171 2028 1208 Professor
2049 1173 2127 1222 ‚Up-

615 1235 781 1275 saliensis,
815 1231 1021 1267 Academiae
1058 1231 1234 1267 Svecanae
1264 1231 1526 1273 Octodecimvir,
1554 1230 1642 1278 Reg.
1674 1230 1755 1266 Ord.
1785 1245 1812 1266 a.
1842 1230 1872 1266 h.
1900 1230 2127 1280 Histoi-ingra-

613 1293 717 1342 p'nus,
760 1291 873 1340 Regg.
917 1291 1026 1327 Ordd.
1070 1291 1112 1326 de
1155 1289 1258 1326 Stella
1294 1290 1421 1331 Polari,
1467 1289 1509 1324 de
1550 1288 1587 1325 S.
1631 1289 1741 1325 Olavo
1769 1296 1802 1325 et
1843 1290 1885 1325 de
1926 1290 2125 1339 Danebrog.

613 1352 741 1400 Eques.

518 1402 793 1448 UPPSTROM
819 1408 1024 1457 (Andreas),
1053 1408 1178 1444 Philos.
1208 1407 1352 1449 Doctor,
1379 1406 1530 1455 Linguae
1556 1405 1835 1455 Moesogotbicae
1860 1407 2128 1458 Linguarumque

616 1472 756 1506 affinium
785 1469 964 1504 Professor
990 1467 1032 1504 E.
1060 1468 1103 1503 O.
1132 1466 1353 1515 Upsaliensis.

516 1527 766 1567 ERDMANN
802 1527 917 1574 (Axel.
943 1526 1095 1575 Joach.)‚
1122 1527 1311 1568 Professor,
1336 1525 1423 1573 Reg.
1453 1525 1536 1560 Ord.
1569 1524 1611 1560 de
1642 1523 1743 1560 Stella
1769 1524 1879 1560 Polari
1912 1524 2040 1573 Eques.

516 1585 842 1627 HILDEBRAND
871 1586 977 1632 (Bror
1000 1587 1133 1635 Emil.)‚
1158 1586 1283 1622 Philos.
1312 1585 1455 1626 Doctor,
1480 1584 1696 1632 Antiquarius
1711 1583 1823 1632 Regni
1845 1583 1998 1626 Svecani‚
2014 1583 2125 1633 Regg.

617 1649 725 1686 Ordd.
753 1647 794 1682 de
823 1646 924 1681 Stella
951 1645 1063 1681 Polari
1093 1652 1125 1681 et
1153 1645 1194 1680 de
1216 1643 1254 1681 S.
1280 1643 1390 1680 Olavo
1420 1643 1689 1685 Conmendator,
1714 1642 1800 1692 Reg.
1829 1643 1913 1679 Ord.
1944 1643 1985 1679 de
2014 1643 2128 1680 Dane-

618 1711 715 1756 brog.
744 1706 872 1754 Eques,
899 1712 961 1741 etc.

517 1765 733 1805 EDLUND
763 1765 932 1811 (Erimis),
959 1763 1083 1799 Philos.
1111 1762 1254 1806 Doctor,
1280 1762 1444 1812 physices
1470 1761 1650 1797 Professor
1676 1759 1897 1803 Holmiensis,
1925 1761 2012 1811 Reg.
2044 1762 2127 1798 Ord.

617 1827 659 1862 de
687 1825 791 1862 Stella
819 1825 928 1860 Polari
951 1823 1079 1872 Eques.

518 1883 921 1923 WACKERBARTH
948 1883 1166 1930 (Athanasius
1195 1880 1397 1916 Franciscus
1424 1879 1693 1926 Tlieodoricus),
1721 1877 1911 1915 Professor.

518 1943 827 1983 LILLJEBORG
853 1942 1100 1989 (Guilielmus),
1129 1940 1253 1976 Philos.
1283 1938 1427 1980 Doctor,
1458 1938 1643 1987 Zoologiae
1674 1937 1853 1973 Professor
1880 1937 2101 1986 Upsaliensis.

520 2003 812 2042 ARRHENIUS
845 2000 1034 2050 (Johannes
1065 2000 1217 2046 Petrus),
1244 1997 1371 2034 Philos.
1399 1998 1542 2039 Doctor,
1568 1997 1755 2038 Professor,
1783 1996 1885 2032 Instit.
1915 1997 2030 2044 Agric.
2059 1996 2125 2032 Ul-

619 2065 766 2099 tunensis
793 2061 961 2101 Director,
986 2059 1099 2108 Regg.
1128 2058 1236 2094 Ordd.
1265 2058 1306 2093 de
1334 2057 1435 2093 Stella
1463 2057 1572 2092 Polari
1600 2063 1632 2092 et
1659 2056 1701 2092 de
1729 2055 1838 2091 Wasa
1865 2055 1992 2103 Eques.

520 2121 797 2160 BERGFALK
823 2121 955 2168 (Petrus
981 2119 1133 2161 Erimls),
1162 2117 1232 2153 Jur.
1261 2115 1333 2152 Utr.
1361 2123 1393 2152 et
1419 2117 1543 2152 Philos.
1571 2115 1716 2158 Doctor,
1740 2115 1830 2151 Juris
1854 2115 2032 2150 Professor
2049 2113 2124 2162 Up-

622 2182 770 2218 saliensis
796 2181 969 2221 emeritus,
995 2177 1080 2226 Reg.
1112 2177 1194 2213 Ord.
1222 2176 1263 2212 de
1292 2175 1394 2211 Stella
1421 2175 1531 2211 Polari
1554 2175 1682 2224 Eques.

519 2239 704 2277 BERLIN
746 2239 925 2286 (Nicolaus
962 2237 1165 2283 Johannes),
1187 2235 1284 2272 Med.
1315 2242 1347 2271 et
1377 2235 1499 2270 Philos.
1529 2234 1670 2276 Doctor,
1701 2234 1858 2269 Chemiae
1886 2238 1918 2267 et
1941 2230 2124 2266 Mineralo-

621 2301 695 2348 giae
723 2299 902 2334 Professor
933 2296 1139 2336 Lundensis,
1166 2294 1277 2343 Regg.
1309 2294 1415 2330 Ordd.
1446 2294 1487 2329 de
1516 2293 1616 2329 Stella
1643 2293 1769 2334 Polari,
1796 2292 1837 2328 de
1865 2291 1899 2327 S.
1930 2290 2057 2331 Olavo,
2083 2290 2124 2325 de

622 2358 819 2405 Danebrog.
851 2364 884 2392 et
914 2356 955 2391 de
985 2355 1020 2391 S.
1049 2354 1251 2390 Wladimiro
1277 2356 1308 2389 in
1336 2353 1383 2388 Cl.
1412 2352 1472 2388 IV.
1500 2352 1626 2401 Eques.

519 2415 824 2454 LINDHAGEN
862 2415 964 2461 (Dan.
1002 2414 1162 2462 Georg.)‚
1200 2413 1325 2449 Philos.
1365 2411 1509 2454 Doctor,
1545 2411 1586 2446 ad
1623 2410 1708 2458 Reg.
1745 2409 1963 2445 Academiam
2001 2407 2123 2443 Scient.

620 2477 734 2513 Holm.
769 2475 1005 2510 Astronomiae
1035 2473 1214 2508 Professor
1248 2472 1287 2507 E.
1318 2472 1377 2514 0.,
1399 2471 1510 2520 Regg.
1541 2469 1647 2506 Ordd.
1674 2470 1716 2505 de
1745 2467 1783 2504 S.
1816 2467 1925 2504 Olavo
1953 2473 1985 2502 et
2012 2466 2053 2502 de
2084 2466 2120 2502 S.

621 2535 821 2571 Wladimiro
849 2536 880 2569 in
907 2533 956 2569 Cl.
981 2532 1042 2568 IV.
1070 2531 1197 2580 Eques.

521 2592 887 2632 STENHAMMAR
915 2592 1170 2639 (Christianus),
1196 2589 1316 2625 Theol.
1342 2597 1374 2625 et
1399 2589 1523 2625 Philos.
1552 2587 1694 2629 Doctor,
1718 2585 1945 2621 Ecclesiarum
1973 2583 2123 2619 Harads-
