2379 3188
620 288 700 329 112

712 394 752 429 In
787 392 1008 442 synonymis
1045 392 1196 428 citandis
1223 391 1349 440 paucis
1379 391 1491 428 modo
1526 391 1764 440 scriptoribus
1794 392 1966 428 utendum
1997 405 2078 428 esse
2113 393 2191 428 exi-

559 452 708 494 stimavi,
726 465 795 488 nec
811 452 888 488 fere
905 452 994 487 alios
1021 451 1133 500 elegi,
1163 463 1268 500 quam
1297 450 1357 499 qui
1385 463 1452 486 suo
1485 450 1637 499 quisque
1664 455 1831 499 tempore
1858 452 2030 487 scientiae
2059 456 2188 487 statum

558 512 770 560 privamque
814 513 893 559 ejus
933 510 1094 559 speciem
1136 510 1328 545 ostendant
1366 513 1401 545 et
1438 509 1636 557 explicent,
1687 510 1810 558 quales
1857 510 1952 546 duco
1995 512 2190 547 Acharium

558 569 791 619 (Lichenogr.
821 570 920 606 Univ.
952 574 986 605 et
1014 570 1132 617 Syn),
1162 569 1336 604 Frentum
1361 567 1594 617 (Lichenogr.
1615 569 1778 617 Europ),
1796 570 2023 605 Schaererum
2043 571 2186 615 (Enum.

559 629 662 678 crit),
705 631 985 675 lllassalngimn
1022 627 1155 672 (Rich,
1184 627 1292 663 Mem.
1318 626 1415 663 Licll.
1445 631 1540 676 cet),
1570 627 1780 663 Koerbermn
1808 628 1922 676 (Syst.
1956 633 1990 664 et
2014 630 2190 678 Pal‘erg.).

560 688 702 733 Quibus
731 693 767 724 ut
792 689 1017 737 Nylandrum
1044 687 1235 728 adderem,
1264 686 1439 735 plurimae
1468 686 1613 734 quidem
1640 686 1842 722 suadebant
1869 687 2037 729 rationes,
2059 687 2191 736 qnippe

561 747 621 798 qui
645 749 865 795 conspicuus
894 750 992 782 certe
1022 753 1056 782 et
1080 746 1271 795 singularis
1299 757 1480 781 novorum
1504 749 1539 780 et
1559 745 1808 780 recedentium
1827 745 1872 780 de
1889 747 2057 782 omnibus
2075 758 2191 795 paene

559 805 840 854 Lichenologiae
868 805 1029 853 partibus
1052 805 1275 852 judiciorum
1303 809 1429 840 auctor
1453 803 1497 838 sit
1525 808 1560 838 et
1587 803 1780 852 interpres,
1808 805 1874 840 sed
1901 805 1986 840 inde
2024 810 2060 841 ut
2096 804 2191 840 desi-

558 869 693 901 sterem
722 866 841 913 coegit
871 864 1084 899 necessitas:
1112 876 1195 899 nam
1227 875 1347 912 neque
1372 862 1593 910 specierum,
1624 862 1668 897 ab
1697 875 1743 898 eo
1773 863 1889 911 primo
1919 864 2191 912 descriptarum,

559 924 745 973 originalia
772 927 915 971 praesto
943 922 1088 958 fuerunt
1115 922 1327 970 specimina,
1356 934 1442 962 neC‚
1471 920 1553 956 licet
1580 921 1666 956 nulli
1695 922 1922 970 pepercerim
1952 935 2096 971 operae,
2115 934 2192 957 om-

559 983 617 1018 nia
642 983 687 1018 ab
718 995 764 1018 eo
792 982 924 1030 scripta
952 994 1165 1029 comparare
1195 980 1279 1016 mihi
1308 985 1343 1016 et
1369 980 1549 1028 inspicere
1575 980 1740 1029 contigit,
1770 993 1838 1016 nec
1864 1004 1915 1009 —
1943 994 2034 1030 (piae
2062 980 2194 1029 prima

559 1041 611 1076 ria
651 1046 704 1076 est
745 1053 873 1077 caussa
908 1064 942 1068 -
975 1041 1011 1076 in
1049 1045 1144 1076 tanta
1184 1040 1441 1075 sententiarum
1471 1039 1709 1074 inconstantia
1748 1043 1781 1074 et
1809 1040 2058 1081 fluctuatione,
2085 1051 2190 1088 quam

560 1099 768 1148 frequentes
794 1099 1000 1148 crebroque
1027 1099 1175 1135 iteratae
1201 1110 1378 1147 generum
1409 1102 1515 1146 atque
1543 1098 1748 1146 specierum
1777 1098 2046 1134 limitandorum
2079 1102 2192 1134 muta-

559 1158 676 1194 tiones
716 1162 750 1193 et
782 1158 999 1194 variationes
1028 1158 1174 1193 abunde
1202 1161 1371 1207 arguunt,
1397 1162 1531 1192 certam
1560 1157 1677 1204 potui,
1708 1169 1884 1205 quaenam
1914 1170 1953 1193 re
1981 1170 2067 1193 vera
2096 1160 2192 1193 esset

560 1219 639 1264 ejus
667 1217 810 1265 opinio,
840 1217 1017 1265 consequi
1044 1229 1191 1265 semper
1216 1216 1386 1251 notitiam.
1419 1238 1462 1242 —-
1492 1216 1642 1251 Praeter
1670 1218 1745 1262 jam
1775 1216 1979 1252 nominatos
1997 1217 2193 1265 scriptores

560 1276 661 1312 citavi
704 1288 850 1324 quoque
890 1277 1040 1311 Limmei
1081 1281 1115 1312 et
1159 1275 1413 1321 Walzlenbergsj
1441 1274 1603 1310 Floras
1643 1275 1933 1323 Lapponicas
1962 1280 1996 1311 et
2024 1277 2193 1311 Sommer-

546 1336 652 1382 fellii
680 1334 828 1383 Suppl.
860 1335 915 1370 Fl.
945 1335 1094 1383 Lapp.,
1125 1347 1217 1383 quae
1245 1347 1373 1382 opera,
1405 1333 1449 1368 ad
1477 1333 1723 1369 illustrandam
1752 1333 1877 1369 harum
1897 1334 2053 1382 ipsarum
2070 1334 2190 1384 regio-

558 1405 645 1428 num
673 1393 939 1442 vegetationem
969 1394 1115 1442 proprie
1145 1393 1321 1429 destinata
1349 1397 1384 1428 et
1414 1392 1705 1434 accommodata,
1748 1393 1868 1442 magni
1905 1393 2112 1428 necessario
2147 1392 2192 1428 ad

560 1452 734 1500 quasdam
761 1464 820 1488 res
850 1452 1101 1500 dijudicandas
1129 1452 1197 1487 sint
1225 1451 1408 1500 ponderis.
1465 1450 1667 1486 Memoratu
1696 1457 1883 1499 praeterea
1914 1451 2061 1500 dignum
2091 1451 2192 1487 vitle-

558 1516 624 1552 tur,
652 1523 819 1559 magnam
847 1523 1142 1559 synonymorum
1174 1510 1361 1546 allatorum
1392 1515 1527 1557 partem
1557 1510 1836 1546 authenticis
1868 1511 2081 1546 examinatis
2109 1523 2192 1559 spe-

560 1569 751 1605 ciminibus
779 1582 862 1605 esse
888 1570 1179 1617 comprobatam,
1208 1581 1289 1604 nec
1318 1568 1453 1604 ullum
1484 1569 1549 1605 nisi
1578 1569 1741 1605 consulta
1768 1569 1845 1618 ipsa
1874 1570 1957 1605 loco
1986 1570 2092 1605 citato
2109 1570 2190 1605 data

560 1628 803 1676 descriptione
838 1633 1093 1676 nuncupatum.
1128 1651 1178 1656 -—
1211 1627 1413 1663 Publicatas
1445 1628 1521 1663 illas
1548 1627 1729 1663 lichenum
1762 1629 2029 1664 exsiccatorum
2059 1628 2191 1664 collec-

560 1687 677 1723 tiones
697 1692 807 1722 testes
826 1686 908 1722 hinc
934 1687 1019 1722 inde
1074 1712 1084 1713 ff
1128 1699 1201 1723 non
1229 1691 1348 1721 tamen
1376 1686 1652 1734 praedestinatis
1681 1686 1896 1735 quibusdam
1924 1686 2118 1723 inhaerens
2145 1709 2190 1714 —

561 1746 744 1794 usurpavi,
766 1745 813 1780 nil
837 1745 990 1794 amplius
1005 1750 1187 1794 spectans,
1210 1758 1315 1794 quam
1337 1750 1373 1780 ut
1391 1745 1529 1780 facilius
1553 1758 1598 1781 eo
1614 1754 1802 1794 appareat,
1835 1758 1941 1794 quam
1965 1746 2192 1795 potissimum

560 1804 713 1840 formam
741 1804 957 1840 intellectam
983 1804 1100 1840 velim.

709 1863 918 1913 Diagnoses
953 1863 1076 1912 paucis
1104 1868 1186 1900 sunt
1217 1863 1338 1899 verbis
1367 1869 1566 1913 conceptae
1596 1868 1631 1899 et
1657 1863 1871 1912 quibusdam
1901 1867 2035 1898 tantum
2065 1862 2191 1899 formis

559 1922 746 1971 longiores
774 1922 1039 1971 descriptiones
1065 1922 1192 1970 adjeci,
1221 1923 1298 1958 sive
1327 1935 1405 1965 eas,
1436 1936 1528 1972 quae
1551 1925 1627 1970 jam
1657 1927 1809 1964 exstant,
1840 1921 1902 1957 ubi
1929 1922 2100 1970 supplere
2128 1935 2191 1958 ne-

561 1993 665 2016 cesse
698 1981 898 2023 videbatur,
934 1982 1027 2023 sive,
1063 1994 1196 2030 pravae
1233 1987 1268 2017 et
1296 1995 1492 2031 perversae
1523 1981 1713 2030 opiniones
1742 1993 1788 2016 ne
1813 1981 2032 2029 irreperent,
2062 1993 2192 2017 caven-

561 2040 656 2076 dum.
713 2039 790 2075 Nec
825 2040 978 2075 reticere
1009 2040 1194 2082 convenit,
1225 2042 1335 2077 satius
1361 2042 1541 2077 interdum
1576 2053 1635 2076 me
1666 2040 1816 2076 duxisse
1847 2045 1984 2088 partein
2013 2040 2192 2088 quandam

561 2098 808 2134 characterum
842 2111 891 2134 ex
927 2099 1026 2135 libris
1061 2100 1253 2136 nominatis
1286 2101 1452 2148 recipere
1483 2106 1518 2136 et
1548 2100 1700 2135 recitare
1727 2122 1778 2127 —
1804 2098 1833 2134 si
1862 2098 2007 2147 quidem
2033 2099 2191 2146 optimos

560 2170 642 2193 esse
669 2158 794 2206 reique
819 2158 887 2206 ipsi
914 2158 1020 2206 plene
1045 2171 1230 2207 congruos
1258 2159 1592 2195 animadvertissem
1618 2181 1660 2186 —
1694 2170 1799 2207 quam
1828 2170 1945 2193 novos
1969 2157 2098 2205 ipsum,
2127 2158 2192 2193 mi-

559 2229 627 2252 nus
654 2216 747 2252 forte
777 2224 897 2264 aptos,
926 2217 1024 2252 idem
1050 2223 1148 2253 certe
1171 2218 1313 2254 mutatis
1341 2223 1476 2254 tantum
1505 2217 1626 2253 verbis
1654 2217 1896 2267 significantes
1925 2220 1960 2251 et
1983 2217 2191 2264 exprimen-

561 2279 629 2316 tes,
660 2274 879 2310 concinnare
909 2281 944 2311 et
971 2276 1185 2312 rescribere.

711 2333 750 2368 In
778 2333 985 2369 nominibus
1011 2335 1237 2383 excipiendis
1265 2334 1472 2383 prioritatis,
1503 2346 1609 2382 quam
1635 2333 1771 2374 dieunt,
1801 2333 1919 2382 legem
1948 2338 1985 2369 ut
2015 2333 2190 2382 integram

561 2403 835 2433 conservarem,
872 2392 1042 2440 religiose
1074 2393 1210 2435 studui;
1238 2406 1257 2429 a
1287 2406 1356 2441 qua
1383 2391 1499 2428 sicubi
1529 2391 1777 2433 discesserim,
1813 2404 1861 2427 ex
1889 2392 2089 2441 ignorantia
2118 2391 2188 2427 hoc

559 2450 680 2485 solum
716 2449 851 2498 pendet
890 2449 948 2485 vel
989 2450 1122 2491 dubiis,
1165 2464 1250 2487 num
1286 2451 1414 2486 merito
1443 2450 1487 2485 sit
1513 2449 1691 2498 antiquius
1720 2462 1853 2485 nomen
1882 2450 2018 2498 speciei
2048 2450 2190 2486 cuidam

560 2508 852 2544 adscribendum.
908 2508 1032 2556 Itaque
1060 2510 1089 2544 si
1117 2510 1272 2557 scriptor
1295 2509 1453 2557 quidam,
1481 2521 1585 2556 quam
1619 2508 1780 2543 omnium
1810 2521 1904 2544 nunc
1933 2521 2115 2545 consensu
2137 2509 2190 2545 in-

560 2571 614 2603 ter
640 2567 784 2615 species
809 2579 1043 2603 numeramus
1069 2567 1243 2608 formam,
1275 2574 1311 2603 ut
1338 2568 1546 2603 varietatem
1572 2566 1664 2602 hanc
1682 2568 1756 2614 jam
1788 2571 1890 2602 antea
1911 2568 2108 2616 proposuit,
2123 2580 2189 2603 no-

560 2638 642 2661 men
667 2627 746 2673 ejus
772 2626 918 2661 retineri
947 2638 1103 2675 aequum
1133 2625 1218 2662 mihi
1244 2626 1394 2668 videtur,
1425 2626 1635 2674 praesertim
1663 2638 1772 2674 quum
1801 2626 1914 2675 magis
1942 2626 2036 2662 haud
2065 2639 2147 2662 raro
2170 2639 2189 2661 a

2347 3062 2354 3069 ,

2360 3051 2377 3188 -vw‘2
