2379 3188
291 254 480 290 WREDE
506 254 648 301 (Fabian
671 253 855 300 Jacobus),
884 252 958 289 Lib.
980 253 1088 295 Baro,
1115 252 1181 289 Rei
1208 253 1461 291 Tormentariae
1487 255 1682 293 Praefectus
1704 257 1894 301 Generalis,

388 313 500 361 Regg.
543 313 650 348 Ordd.
675 313 904 348 Ensiferorum
945 319 977 348 et
1017 313 1058 348 de
1102 312 1136 347 S.
1172 312 1282 348 Olavo
1315 327 1388 348 cum
1426 315 1591 361 grandiori
1624 316 1740 353 Crucis
1777 320 1893 367 insigni

388 386 451 408 nec
475 385 540 407 non
565 371 724 420 Legionis
755 371 905 406 Honoris
934 371 1210 413 Conunendator,
1235 371 1273 407 S.
1300 370 1377 407 Joh.
1404 371 1573 409 Hierosol.
1598 373 1732 422 Eques,
1759 383 1820 412 etc.

823 587 1041 621 Membra
1076 589 1229 621 Ordin
1240 591 1362 622 aria.

287 707 431 744 FRIES
460 707 600 754 (Elias),
626 706 755 744 Philos.
783 707 928 751 Doctor,
955 708 1140 746 Botanices
1168 717 1200 747 et
1229 711 1460 748 Oeconomiae
1486 712 1667 749 Professor
1688 713 1897 762 Upsaliensis

384 768 555 808 emeritus,
573 767 778 803 Academiae
802 767 974 805 Svecanae
1000 769 1262 812 Octodecimvir,
1281 770 1368 818 Ray.
1390 771 1568 808 Societatis
1588 773 1714 809 Sciant.
1736 774 1816 822 Ups.
1836 775 1898 811 Se-

385 827 561 867 cretarius,
582 825 696 874 Regg.
727 826 834 861 Ordd.
863 828 904 863 de
931 827 1032 864 Stella
1056 829 1168 866 Polari
1193 829 1463 872 commendator,
1482 831 1523 866 de
1546 830 1742 881 Danebrog.
1770 833 1896 882 Eques.

285 884 606 920 HEDENBORG
634 884 857 933 (Johannes)‚
885 885 980 922 Med.
1007 886 1143 924 Doctor
1173 895 1205 924 et
1231 888 1422 931 Professor,
1449 889 1562 939 Regg.
1593 890 1699 927 Ordd.
1725 892 1766 927 de
1797 892 1898 928 Stella

387 943 499 978 Polari
524 950 556 979 et
584 943 626 978 de
654 943 762 979 Wasa
792 943 920 992 Eques.

285 1002 502 1039 NILSSON
542 1002 701 1050 (Sveno),
739 1002 866 1040 Philos.
902 1004 1045 1046 Doctor,
1074 1005 1160 1041 Hist.
1189 1005 1268 1041 Nat.
1298 1005 1480 1042 Professor
1507 1007 1698 1044 Lundensis
1727 1012 1898 1052 emeritus,

386 1062 498 1110 Regg.
517 1062 623 1098 Ordd.
643 1062 684 1097 de
700 1061 801 1098 Stella
819 1063 932 1099 Polari
947 1072 980 1100 et
1000 1064 1197 1113 Danebrog.
1222 1065 1496 1106 Comrnendator‚
1509 1066 1702 1103 Membrum
1719 1069 1760 1104 de
1777 1069 1896 1105 Wasa.

287 1120 715 1158 GYLLENSTJERNA
741 1121 869 1166 (Nicol.
898 1124 1122 1173 Christoph.),
1144 1124 1216 1161 Lib.
1247 1124 1357 1168 Baro,
1380 1125 1610 1162 Cubicularius
1634 1126 1783 1176 Regius,
1809 1127 1896 1177 Reg.

387 1181 470 1217 Ord.
498 1181 680 1217 Ensiferor.
710 1180 839 1229 Eques.

287 1239 569 1277 TORNBERG
604 1240 764 1286 (Carolus
801 1240 1009 1289 johannes),
1046 1241 1174 1278 Philos.
1206 1241 1350 1286 Doctor,
1389 1242 1463 1280 LL.
1493 1243 1570 1280 OO.
1600 1243 1781 1281 Professor
1807 1245 1899 1282 Lun-

387 1300 514 1341 densis,
544 1299 632 1347 Reg.
661 1299 742 1335 Ord.
769 1300 811 1335 de
841 1300 941 1336 Stella
970 1300 1082 1336 Polari
1112 1301 1317 1337 Membrum.

285 1358 564 1396 SVANBERG
593 1359 818 1408 (Gustavus),
852 1359 978 1395 Philos.
1014 1359 1158 1403 Doctor‚
1192 1361 1430 1398 Astronomiae
1462 1361 1645 1398 Professor
1672 1361 1898 1411 Upsaliensis,

385 1418 473 1466 Reg.
507 1418 589 1454 Ord.
613 1419 655 1454 de
685 1418 786 1453 Stella
814 1418 927 1454 Polari
952 1419 1081 1468 Eques.

285 1466 579 1514 MALMSTEN
617 1478 777 1525 (Carolus
804 1477 1010 1527 Johannes),
1037 1478 1164 1515 Philos.
1198 1478 1345 1522 Doctor‚
1370 1493 1396 1515 a.
1428 1479 1458 1514 h.
1487 1478 1688 1516 Matheseos
1720 1480 1900 1518 Professor

388 1537 617 1586 Upsaliensis,
647 1537 860 1573 Consiliarius
889 1536 1019 1580 Status,
1052 1538 1140 1587 Reg.
1171 1538 1255 1574 Ord.
1285 1539 1327 1574 de
1356 1538 1458 1574 Stella
1485 1538 1599 1575 Polari
1628 1540 1899 1577 Commendator.

285 1595 558 1633 SELANDER
586 1595 766 1637 (Nicotaus
786 1595 924 1645 Haqu.),
951 1597 1079 1634 Philos.
1106 1597 1251 1640 Doctor,
1278 1597 1367 1646 Reg.
1387 1598 1595 1635 Academiae
1619 1598 1746 1635 Scient.
1770 1599 1900 1636 Holmi-

383 1658 471 1692 ensis
500 1655 726 1691 Astronomus
754 1663 787 1691 et
810 1655 1001 1699 Professor,
1026 1656 1113 1705 Reg.
1143 1657 1226 1692 Ord.
1255 1657 1297 1693 de
1326 1657 1431 1694 Stella
1458 1657 1571 1694 Polari
1605 1665 1638 1694 et
1671 1659 1712 1694 de
1740 1659 1774 1695 S.
1801 1660 1900 1695 Anna

382 1717 412 1750 in
442 1715 492 1751 Cl.
518 1715 560 1750 Il.
590 1714 719 1763 Eques.

284 1766 539 1811 BJORLING
567 1773 766 1822 (Immanuel
792 1773 931 1822 Gabr.)‚
958 1773 1086 1810 Pbilos.
1111 1773 1256 1817 Doct0r‚
1279 1775 1320 1810 ad
1340 1774 1498 1811 Scholam
1525 1775 1746 1813 Arosiensem
1771 1776 1900 1814 Rector

386 1840 418 1869 et
446 1833 646 1869 Matlieseos
676 1833 807 1875 Lector,
835 1833 924 1882 Reg.
943 1833 1026 1869 Ord.
1054 1834 1096 1869 de
1126 1833 1228 1869 Stella
1255 1833 1370 1870 Polari
1399 1834 1528 1884 Eques.

285 1892 612 1930 SUNDEWALL
657 1891 907 1939 (Fredericus),
946 1892 1043 1928 Med.
1083 1891 1228 1935 Doctor,
1261 1894 1460 1930 Anatomiae
1486 1903 1518 1931 et
1548 1894 1787 1945 Physiologiae
1812 1894 1899 1931 Pro-

387 1953 495 1988 fessor
540 1951 766 2000 Upsaliensis,
805 1952 892 2000 Regy.
933 1953 1113 1989 Societatis
1140 1952 1268 1989 Sciant.
1302 1953 1383 2002 Ups.
1416 1953 1595 1998 Quaestor,
1623 1954 1713 2003 Reg.
1744 1954 1827 1990 Ord.
1855 1955 1897 1990 de

389 2011 490 2046 Stella
519 2010 632 2046 Polari
659 2010 787 2059 Eques.

286 2070 416 2106 GLAS
455 2070 634 2118 (Olavus),
673 2069 768 2106 Med.
811 2069 955 2112 Doctor,
982 2069 1175 2106 Medicinae
1203 2071 1426 2106 Theoreticae
1454 2078 1486 2107 et
1513 2071 1689 2108 Practicae
1716 2071 1898 2107 Professor

387 2128 613 2178 UpsaliensiS‚
640 2128 727 2177 Reg.
757 2129 840 2164 Ord.
871 2129 912 2165 de
942 2129 1043 2165 Stella
1070 2130 1180 2165 Polari
1206 2130 1333 2178 Eques.

288 2187 585 2224 WAHLBERG
620 2187 759 2235 (Petrus
792 2187 1029 2236 Fredericus),
1064 2188 1161 2225 Med.
1199 2196 1232 2225 et
1264 2189 1391 2224 Philos.
1421 2188 1565 2228 Doct0r‚
1589 2187 1771 2224 Professor
1810 2187 1897 2223 Hol—

386 2249 536 2289 miensis,
574 2246 661 2295 Reg.
697 2247 902 2283 Academiae
931 2247 1054 2284 Scient.
1080 2248 1193 2284 Holm.
1221 2248 1446 2289 Secretarius,
1481 2246 1568 2295 Reg.
1599 2247 1683 2283 Ord.
1711 2247 1752 2283 de
1790 2246 1896 2282 Stella

383 2305 497 2340 Polari
525 2306 794 2341 commendator.

286 2364 599 2401 ARESCHOUG
635 2364 823 2411 (Johannes
857 2364 1028 2410 Erhard.),
1062 2365 1191 2401 Philos.
1227 2364 1371 2405 Doctor,
1397 2362 1580 2398 Botanices
1607 2369 1640 2398 et
1665 2362 1895 2398 Oeconomiae

384 2423 559 2459 Praeticae
581 2423 763 2460 Professor
793 2423 1008 2472 Upsaliensis.

285 2475 615 2519 NORDSTROM
657 2482 845 2529 (Johannes
887 2482 1072 2530 Jacobus),
1112 2482 1183 2517 Jur.
1216 2481 1290 2517 Utr.
1323 2486 1355 2515 et
1379 2478 1505 2514 Philos.
1533 2478 1676 2520 Doctor,
1703 2478 1893 2522 Professor,

385 2542 601 2577 Arehivarius
649 2540 757 2588 Regni
802 2541 961 2583 Svecani‚
1000 2540 1088 2588 Reg.
1135 2541 1217 2576 Ord.
1256 2540 1298 2576 de
1337 2538 1439 2574 Stella
1478 2537 1590 2573 Polari
1632 2537 1894 2575 Commendator

386 2607 419 2635 et
446 2600 487 2635 de
515 2599 550 2635 S.
578 2599 782 2635 Wladimiro
810 2601 840 2635 in
872 2599 921 2635 Cl.
946 2598 1004 2635 IV.
1031 2598 1159 2646 Eques.
