2379 3188
629 298 710 340 126

570 403 672 446 dum,
707 403 987 454 fusco-nigrum,
1023 404 1189 448 nitidum,
1226 406 1380 443 sorediis
1415 408 1638 449 destitutum,
1669 407 1831 456 apicibus
1866 408 2187 446 curvato-deflexis

569 462 837 500 concoloribus.

714 547 746 578 Ὺ.
800 534 1064 583 chalybeq'forme
1097 535 1185 583 (L.):
1222 540 1455 584 prostratum,
1491 542 1771 579 sarmentosum,
1810 537 2018 582 rigidulum,
2046 546 2187 576 remote

568 591 982 635 divaricato-ramosum‚
1011 592 1291 642 fusco—nigrum,
1320 595 1482 644 apicibus
1509 595 1653 644 saepius
1681 595 1937 644 pallidioribus.

719 662 819 714 Syn.
874 664 1050 700 Alectoria
1076 664 1206 712 jubata
1238 669 1265 701 δ.
1294 665 1574 714 εᾶαζῃᾶρψονηιὶς
1601 666 1704 703 Ach.
1732 667 1832 703 Univ.
1863 683 1893 717 p.
1919 669 2008 711 593,
2035 669 2119 719 Syn.
2151 684 2184 718 p.

616 721 700 757 291.
734 744 779 750 -—-
808 723 938 759 Licloen
965 723 1121 772 Wnbg.
1152 723 1261 772 Lapp.
1293 739 1324 773 p.
1351 726 1434 762 437.

715 793 810 829 Exs.
863 793 902 829 L.
931 794 992 830 Su.
1019 809 1049 830 n.
1074 796 1159 830 266.
1187 817 1232 822 —
1262 795 1436 833 Schaer.
1466 812 1495 832 n.
1524 798 1608 833 396.

717 858 744 897 ὃ.
790 864 974 912 prolixum
1010 863 1165 913 (Ach.):
1208 865 1421 914 pendulum,
1463 866 1743 908 mammosam,
1784 869 2086 911 ramosissimum,
2119 870 2184 905 im-

567 918 731 967 plexum,
772 921 897 964 molle,
939 922 1186 972 nigrofuscum
1228 924 1248 960 l.
1288 937 1417 960 canum
1461 930 1547 971 (var.
1581 941 1705 961 camme
1732 926 1873 974 Ach.),
1902 928 2063 976 apicibus
2097 941 2183 964 con-

568 978 764 1015 coloribus.

716 1049 812 1100 Syn.
865 1051 994 1087 Lichen
1016 1058 1124 1088 ramis
1142 1054 1378 1101 filg‘formibns
1403 1061 1547 1090 ramosis
1567 1057 1730 1104 pendulis
1749 1057 1815 1092 alis
1835 1064 2035 1106 compressis
2065 1057 2182 1093 Linn.

614 1107 724 1158 Lapp.
756 1125 785 1145 n.
816 1110 890 1145 456
915 1112 964 1159 (p.
995 1125 1078 1147 max.
1101 1120 1200 1160 part„
1230 1115 1312 1149 excl.
1340 1114 1469 1149 lichene
1496 1114 1653 1159 ”ηι’·ι)ε·ο”).

713 1179 890 1215 Alectoria
908 1178 1038 1226 jubata
1065 1199 1093 1216 α.
1113 1183 1262 1230 prolixa
1289 1182 1389 1218 Ach.
1419 1183 1516 1219 Univ.
1546 1199 1578 1233 p.
1603 1185 1695 1225 592,
1723 1183 1806 1234 Syn.
1833 1198 1866 1232 p.
1891 1185 1975 1219 291.

717 1250 845 1286 Lichen
867 1250 1016 1298 jubatus
1043 1269 1071 1287 α.
1099 1252 1248 1301 Wnbg.
1277 1253 1388 1302 Lapp.
1416 1269 1448 1303 p.
1479 1256 1561 1292 437.

715 1319 1004 1366 Everniajubata
1017 1337 1043 1366 y.
1061 1322 1214 1370 implexa
1229 1322 1291 1357 Fr.
1307 1321 1347 1357 L.
1361 1322 1400 1357 E.
1415 1337 1447 1371 p.
1468 1324 1526 1358 91.
1549 1344 1584 1351 -
1606 1324 1816 1371 Bryopogmz
1832 1322 1988 1358 Koerb.
2005 1321 2096 1371 Syst.
2111 1321 2185 1370 p.5.

716 1389 800 1425 Exs
863 1389 902 1425 L.
931 1390 991 1427 Su.
1020 1406 1049 1426 n.
1074 1393 1158 1427 265.
1183 1415 1233 1419 —
1260 1392 1431 1428 Schaer.
1462 1409 1491 1428 n.
1517 1394 1600 1430 397.

711 1481 846 1517 Forma
873 1495 896 1516 οι
928 1482 1021 1518 inter
1055 1483 1183 1519 limites
1212 1484 1343 1520 Florae
1370 1490 1515 1521 nostrae
1538 1485 1735 1521 admodum
1766 1489 1820 1520 est
1846 1497 1926 1520 rara
1953 1489 1988 1519 et
2015 1484 2048 1518 in
2073 1483 2185 1519 Islan-

564 1538 621 1574 dia
657 1540 906 1576 tantummodo
941 1545 976 1576 et
1008 1542 1258 1579 Groenlandia
1293 1543 1410 1591 (herb.
1446 1544 1631 1585 Liebm.,
1668 1544 1756 1580 locis
1782 1542 1926 1592 special.
1956 1555 2028 1577 non
2057 1541 2184 1590 allatis)

563 1597 720 1640 inventa;
746 1597 782 1640 β.
812 1599 905 1635 inter
928 1612 1075 1636 muscos
1102 1601 1335 1652 lichenesque
1364 1616 1573 1652 camporum
1602 1603 1808 1651 alpostrium
1839 1602 1968 1650 passim
2001 1602 2034 1636 in
2062 1600 2185 1637 Nord-

563 1656 681 1693 landia
718 1657 890 1706 (Blytt),
920 1659 1125 1695 Finmarkia
1171 1666 1320 1710 utraque
1363 1668 1470 1711 atque
1516 1662 1761 1698 Groenlandia
1801 1659 1962 1709 pluribus
2004 1660 2092 1695 locis
2134 1660 2181 1708 (J.

562 1715 713 1764 Vahl);
744 1731 774 1761 Ὑ.
812 1717 846 1753 in
873 1718 972 1754 saxis
998 1719 1127 1767 apricis
1156 1720 1286 1768 passim
1321 1721 1470 1769 copiose
1499 1735 1565 1770 per
1595 1726 1703 1756 totam
1732 1720 1920 1769 regionem
1949 1718 2185 1754 scandinavi-

563 1788 657 1817 cam,
690 1776 877 1812 Islandiam
914 1777 1155 1826 (Stenstr.).
1195 1778 1493 1829 Spitsbergenses
1533 1780 1667 1815 insulas
1712 1778 1996 1826 (Nordenskj.
2038 1777 2184 1826 aliique)

565 1834 922 1884 Groenlandiamque
956 1837 1217 1873 occidentalem
1253 1851 1367 1887 usqne
1395 1839 1440 1874 ad
1464 1838 1693 1875 Jacobshavn
1721 1839 1765 1883 (J.
1796 1837 1941 1885 Vahl);
1970 1834 1996 1873 δ.
2027 1837 2184 1885 (lenique

562 1892 729 1935 arbores,
762 1895 955 1944 praecipue
983 1896 1088 1944 pinus
1114 1903 1149 1932 et
1174 1896 1322 1938 bctulas,
1340 1898 1373 1932 in
1402 1898 1585 1946 sylvaticis
1612 1897 1903 1945 inseralpinisque
1925 1895 2184 1932 Scandinaviae

562 1951 707 1988 abunde
741 1954 844 1989 vestit
872 1953 950 2001 (cfr.
981 1954 1100 1991 Linn.
1130 1955 1259 2004 Lapp.,
1290 1956 1350 1992 nbi
1377 1957 1656 2006 descriptionem
1684 1956 1807 1992 videas
1833 1955 1948 1991 vivam
1977 1955 2086 1991 silvae
2111 1953 2182 1990 hoc

561 2009 701 2046 lichene
741 2012 943 2061 ''nigrae.”‘;.
1007 2012 1111 2049 Nulla
1150 2027 1198 2050 ex
1242 2015 1293 2050 his
1331 2015 1456 2051 formis
1495 2015 1548 2052 his
1585 2015 1797 2065 regionibus
1832 2014 2019 2063 apothecia
2047 2013 2183 2062 profert

562 2077 705 2117 praeter
728 2068 773 2113 8.,
802 2073 906 2119 cujus
929 2071 1065 2109 fructus
1094 2074 1334 2110 verisimiliter
1359 2075 1393 2110 in
1421 2075 1529 2124 Lapp.
1557 2076 1735 2111 Tornens.
1763 2073 1820 2110 vel
1848 2074 2021 2109 Kemens.
2050 2073 2183 2109 invenit

560 2128 877 2180 Wahlenberg.

709 2201 745 2236 In
781 2208 865 2238 lanta
897 2203 1074 2239 formarum
1108 2207 1172 2252 jam
1207 2207 1455 2254 propositarum
1483 2208 1580 2254 copia
1608 2206 1695 2241 haud
1723 2205 1821 2241 dubie
1848 2205 2051 2253 superfluum
2079 2204 2181 2240 videri

561 2266 674 2306 potest
708 2274 828 2296 novam
866 2263 909 2308 (β.
953 2263 1156 2310 nitidulum)
1197 2266 1391 2312 sejungere,
1419 2265 1478 2300 sed
1511 2279 1610 2313 quum
1640 2265 1722 2300 haec
1750 2282 1778 2299 a.
1805 2263 1956 2300 bicoloris
1981 2270 2092 2311 partes
2118 2277 2180 2312 per

562 2330 715 2366 magnam
750 2330 857 2355 zonae
890 2323 1033 2357 aretinae
1064 2328 1193 2370 partem
1226 2331 1303 2371 agat
1335 2326 1482 2372 satisque
1513 2324 1677 2365 abundet,
1705 2323 1793 2358 haud
1821 2323 1944 2357 irritum
1969 2322 2045 2357 mihi
2072 2323 2178 2357 visum

562 2383 622 2412 est.
653 2399 699 2405 —-
728 2376 863 2425 Sporae
888 2393 954 2414 var.
987 2383 1014 2415 ὅ.
1048 2381 1233 2429 simplices,
1267 2389 1425 2424 octonae,
1461 2383 1625 2431 hyalinae,
1652 2380 1951 2429 subellipsoideae,
1978 2382 2054 2415 circ.
2085 2381 2177 2423 O,005

560 2449 636 2470 mm.
665 2436 784 2484 longae
813 2443 846 2472 et
871 2439 964 2479 0,003
989 2452 1064 2473 mm.
1091 2439 1192 2481 latae;
1218 2442 1286 2476 asei
1312 2442 1440 2483 minuti,
1467 2441 1600 2483 clavati,
1626 2440 1873 2489 paraphysibus
1899 2445 1988 2474 arcte
2016 2440 2179 2487 congluti-

560 2495 643 2529 natis
685 2496 849 2545 apiceque
890 2496 1058 2533 fuseidulis
1097 2498 1203 2534 cincti.
1271 2498 1415 2535 Soredia
1451 2501 1481 2534 in
1523 2513 1636 2548 specc.
1671 2498 1891 2534 Finmarkicis
1925 2512 1991 2534 non
2017 2500 2090 2534 alba
2118 2499 2178 2535 sed

559 2553 746 2602 sulphurea.
