2379 3188
1787 296 1827 336 11

438 400 535 435 Oculi
577 401 774 448 plerumque
813 401 904 436 nulli:
948 400 1110 435 interdum
1152 402 1304 448 utrinqne
1343 414 1440 436 unum
1484 403 1731 437 summula-nni
1760 404 1827 447 (lig.
1859 403 1896 446 9)

285 459 466 495 observare
495 460 569 493 milii
596 461 685 493 visus
712 472 799 493 sum:
828 465 859 493 et.
888 461 912 493 si
943 460 1050 494 nullus
1081 460 1197 493 oculus
1231 460 1380 499 adesset,
1412 461 1608 508 plerumque
1639 462 1720 494 duas
1748 462 1897 502 cellulas,

285 520 454 566 pigmento
497 519 729 558 fusco-rubro,
770 519 855 552 oculi
901 518 976 552 loco
1016 518 1090 552 vidi.
1156 517 1336 553 Praeterea
1366 519 1428 553 tale
1458 520 1661 567 pigmentum
1691 521 1839 567 pluribus
1868 522 1896 554 in

284 578 382 618 locis,
410 579 602 625 praesertim
630 579 778 625 postice,
806 579 835 612 in
865 591 1009 625 corpore
1036 577 1111 611 vidi.

437 636 606 671 Antennae
637 638 709 670 1zmi
748 638 855 683 paris.
902 638 971 670 sive
1013 637 1186 671 interiores
1217 636 1287 683 (fig.
1318 636 1350 677 S,
1376 650 1407 676 a,
1437 644 1469 670 et
1497 637 1550 684 fig.
1578 639 1637 681 10)
1667 638 1826 677 minimae,
1859 638 1897 672 4-

283 696 487 737 articulatae,
515 702 604 730 setas
629 697 705 730 circ.
733 696 765 736 5,
795 709 931 744 quarum
961 695 1042 729 duas
1071 695 1235 741 apicales,
1276 702 1441 742 gerentes.
1497 695 1672 730 Autennae
1713 695 1778 729 dei
1809 697 1896 742 paris

281 754 350 801 (fig.
378 756 408 794 8,
438 754 472 801 b)
501 769 654 801 magnae,
695 756 774 790 setis
813 755 996 802 apicalibus
1035 755 1185 802 exceptis
1228 755 1302 788 cire.
1339 754 1504 788 dimidiam
1532 762 1658 802 partem
1687 755 1896 800 longitudinis

283 815 435 860 corporis
454 836 497 840 —
516 828 530 847 a
557 816 664 862 capite
681 814 719 848 ad
736 814 874 849 caudam
899 836 942 840 -—
972 815 1185 861 attingentes,
1214 813 1461 854 5-articulatae,
1489 814 1626 848 articulo
1654 816 1748 848 tertio
1777 816 1896 849 ceteris

282 872 447 919 longiore,
473 879 502 907 et
530 874 665 907 articulo
691 873 803 907 ultimo
832 875 910 908 setis
939 874 1121 920 apicalibus
1151 873 1254 907 tribus
1283 873 1333 907 vel
1365 880 1528 920 quattuor,
1557 887 1693 921 quarum
1724 887 1783 908 una
1824 874 1895 908 lon—

281 932 424 977 gissima.

430 989 540 1038 Regio
581 992 646 1025 oris
671 990 740 1037 (fig.
785 993 846 1037 11)
890 997 1074 1037 protracta,
1118 997 1149 1025 et
1190 997 1342 1038 apertura
1373 991 1439 1024 oris
1468 991 1616 1025 fissuram
1643 992 1894 1025 transversalem

280 1050 455 1097 praebens,
506 1048 562 1083 Ad
594 1049 692 1084 latera
722 1051 788 1085 oris
820 1049 1041 1097 appendicem
1071 1049 1391 1084 mandibuliformem
1419 1071 1462 1076 —
1492 1051 1711 1085 mandibulam
1742 1071 1786 1076 —
1825 1051 1895 1098 (fig.

282 1109 336 1149 1⁶2,
360 1109 482 1143 QSOzes
511 1109 721 1156 amplificata)
748 1109 935 1144 observavi.
967 1123 988 1143 a
1019 1116 1069 1144 est
1094 1111 1165 1157 ipsa
1196 1109 1400 1149 mandibula,
1436 1116 1468 1144 et
1495 1108 1513 1143 l)
1539 1110 1668 1158 palpus.

429 1167 560 1202 Pedum
588 1168 831 1203 tlioracicorum
860 1168 930 1215 (fig.
955 1168 986 1209 S,
1015 1171 1048 1215 c)
1078 1169 1099 1203 f)
1127 1171 1232 1216 paria,
1266 1169 1391 1203 annulis
1421 1169 1442 1202 f)
1469 1169 1644 1204 tboracicis
1673 1168 1796 1209 adfixa,
1824 1182 1894 1203 om-

278 1227 344 1268 nia,
371 1228 440 1274 pari
478 1233 572 1261 sexto
601 1234 762 1275 excepto,
792 1228 876 1261 inter
903 1241 939 1262 se
967 1228 1097 1269 similia,
1124 1227 1183 1262 sed
1212 1230 1399 1275 posteriora
1437 1229 1656 1263 anterioribus
1684 1228 1795 1275 paullo
1822 1229 1894 1263 lon-

277 1287 378 1333 giora.
435 1284 592 1333 Quinque
632 1287 724 1334 paria
764 1287 924 1320 anteriora
967 1287 1035 1334 (fig.
1078 1287 1131 1327 13,
1166 1300 1226 1334 pes
1257 1301 1340 1321 unus
1373 1289 1445 1321 1zmi
1474 1289 1580 1335 paris)
1608 1288 1894 1329 subcbelisormia,

277 1358 373 1379 manu
401 1352 450 1380 sat
479 1359 612 1393 magna,
645 1346 711 1381 l'ere
740 1346 842 1386 ovali,
869 1347 954 1380 intus
983 1346 1155 1381 denticulis
1172 1346 1304 1380 duobus
1322 1347 1479 1386 minimis,
1505 1361 1592 1394 unge
1608 1354 1760 1388 curvato,
1779 1354 1893 1388 acuto,

275 1405 402 1452 apicali.
458 1404 571 1439 Pedes
600 1405 655 1439 6:ss
692 1406 780 1452 paris
807 1405 999 1451 graciliores
1030 1411 1062 1439 et
1090 1406 1279 1452 longiores,
1322 1419 1431 1453 neque
1460 1405 1737 1441 subcbelisormes
1765 1407 1834 1453 (fig.
1861 1408 1893 1448 8,

273 1464 314 1500 d:
346 1464 397 1511 lig.
431 1465 484 1505 14,
514 1478 573 1511 pes
602 1469 717 1508 unus):
748 1478 844 1498 manu
877 1464 973 1511 longa
1003 1470 1035 1498 et
1062 1470 1243 1505 attenuata,
1270 1477 1381 1512 ungue
1409 1465 1527 1512 longo,
1563 1465 1630 1499 fere
1659 1472 1750 1500 recto
1783 1479 1892 1513 neque

274 1524 436 1558 retractili.
490 1523 621 1558 Pedum
650 1523 905 1558 abdominalium
943 1525 1013 1558 sive
1052 1525 1240 1571 spuriorum
1271 1528 1289 1558 5
1319 1525 1424 1571 paria,
1464 1524 1589 1558 annulis
1623 1525 1645 1559 5
1675 1526 1893 1560 anterioribus

274 1583 459 1617 abdominis
486 1582 609 1623 adfixa,
650 1584 755 1617 omnia
802 1584 885 1617 inter
913 1596 949 1617 se
983 1583 1094 1618 similia
1125 1605 1170 1609 —
1201 1584 1387 1630 posteriora
1418 1583 1644 1617 tantummodo
1673 1585 1783 1632 paullo
1811 1585 1892 1619 bre-

274 1644 363 1676 viora
396 1664 433 1668 -
465 1643 647 1683 biramosa,
675 1648 791 1676 trunco
822 1642 1042 1683 biarticulato,
1083 1644 1180 1677 ramis
1212 1642 1279 1676 l'ere
1319 1642 1530 1689 aequalibus,
1571 1646 1735 1678 exteriore
1773 1644 1892 1685 tribus,

271 1703 424 1736 interiore
455 1701 584 1735 duabus
613 1701 718 1748 longis
748 1703 826 1736 setis
853 1702 1035 1749 apicalibus
1067 1701 1180 1736 ciliatis
1212 1702 1388 1741 instructo,
1431 1703 1539 1748 itaque
1570 1704 1636 1737 veri
1667 1703 1772 1750 pedes
1802 1710 1890 1737 nata-

271 1763 360 1801 torii⁷
388 1761 586 1808 minimeque
614 1762 821 1808 respirationi
848 1762 1031 1796 servientes
1060 1761 1128 1808 (fig.
1158 1761 1189 1801 8,
1216 1774 1249 1795 e:
1282 1760 1335 1807 fig.
1370 1761 1424 1801 15,
1453 1774 1536 1795 unus
1565 1775 1627 1809 pes
1656 1763 1789 1797 abdom.
1822 1762 1890 1797 ‘2:di

270 1821 384 1868 paris).
438 1818 568 1854 Pedum
597 1820 743 1854 ultimum
774 1834 841 1868 par,
867 1821 937 1855 sive
963 1820 1069 1868 pedes
1098 1819 1254 1854 candales
1291 1821 1404 1867 (pinna
1441 1820 1602 1866 caudalis)
1633 1821 1703 1869 (fig.
1736 1822 1825 1868 S,f{
1839 1822 1888 1868 f:

270 1879 323 1927 fig.
355 1879 408 1919 16,
440 1892 501 1926 pes
533 1893 616 1913 unus
648 1879 779 1926 dexter)
798 1881 826 1926 ¹)
859 1885 933 1914 sunt
963 1881 1105 1923 majores
1134 1886 1166 1914 et
1193 1880 1391 1919 crassiores,
1418 1880 1569 1926 pluribus
1596 1881 1722 1927 magnis
1751 1887 1783 1915 et
1800 1894 1886 1915 cras-

269 1941 314 1974 sis
340 1940 418 1973 setis
447 1938 560 1973 ciliatis
590 1938 743 1985 praediti,
768 1945 800 1972 et
828 1938 857 1972 bi
887 1939 983 1973 etiam
1015 1939 1180 1973 biramosi.
1236 1937 1392 1973 Truncus
1423 1938 1483 1985 (sig
1526 1939 1586 1986 16)
1626 1940 1888 1981 uniarticulatus‚

272 1997 449 2032 admodum
480 2010 611 2031 crassus
640 2007 672 2032 et
700 1999 795 2045 apice
822 1996 959 2045 oblique
986 1998 1110 2039 exciso,
1136 2004 1167 2032 et
1188 1998 1305 2033 subtus
1334 2011 1395 2032 una
1427 1999 1477 2032 vel
1501 1998 1599 2032 altera
1626 2006 1694 2033 seta
1724 2000 1811 2033 tenui
1840 2001 1887 2033 111-

269 2063 423 2091 structus.
478 2055 606 2091 Ramus
645 2058 789 2091 exterior
826 2057 897 2104 (fig.
943 2057 997 2097 16,
1025 2071 1057 2096 a,
1085 2056 1120 2091 a:
1148 2056 1200 2103 fig.
1242 2057 1301 2103 17)
1342 2058 1497 2091 interiore
1527 2057 1594 2104 (fig.
1630 2059 1682 2098 16,
1713 2057 1741 2098 b,
1772 2058 1806 2092 &f
1832 2058 1884 2105 fig.

274 2116 335 2163 18)
362 2115 471 2163 paullo
503 2116 636 2150 brevior
661 2123 692 2151 et
718 2117 871 2156 crassior,
902 2116 954 2150 ille
996 2116 1100 2161 tribus
1144 2116 1364 2151 crassioribus
1393 2117 1472 2150 setis
1514 2118 1657 2151 curratis
1685 2117 1887 2165 apiealibus,

270 2174 323 2209 bic
349 2174 389 2208 ad
418 2176 545 2222 apicem
582 2175 717 2222 oblique
757 2176 903 2209 excisum
946 2175 1075 2209 duabus
1117 2176 1196 2209 setis
1244 2176 1449 2210 tenuioribus
1478 2175 1656 2223 praeditus.
1709 2176 1765 2210 Ad
1794 2177 1885 2211 basin

269 2234 348 2268 rami
375 2234 537 2268 interioris
565 2240 632 2268 seta
663 2235 759 2281 longa
801 2240 832 2268 et
873 2234 940 2269 sere
979 2240 1068 2268 recta
1112 2240 1161 2268 est
1187 2240 1303 2268 trunco
1333 2234 1448 2268 adfixa.
1505 2233 1548 2267 Hi
1576 2235 1681 2282 pedes
1710 2241 1742 2270 et
1769 2249 1884 2269 eorum

269 2294 346 2327 rami
370 2299 401 2327 et
427 2299 517 2327 setae
545 2293 689 2341 apicales
717 2293 914 2341 plerumque
943 2299 1128 2327 extrorsum
1157 2300 1189 2327 et
1216 2293 1372 2328 deorsum
1405 2300 1553 2339 vergunt.

420 2350 556 2386 Nullum
585 2353 770 2387 intestinum
800 2353 1014 2400 perspicuum
1043 2351 1156 2386 videre
1186 2354 1293 2399 potui,
1327 2353 1399 2399 quia
1430 2359 1540 2399 partes
1569 2366 1632 2386 non
1654 2352 1749 2399 plane
1779 2353 1882 2400 pellu-

271 2409 365 2445 cidae
392 2417 499 2451 erant,
528 2411 586 2446 sed
616 2413 645 2445 in
675 2412 815 2446 intestini
844 2412 918 2446 loco
939 2411 1070 2458 plagam
1101 2412 1319 2445 luscescentis
1357 2418 1387 2444 et
1428 2411 1551 2451 rubidi,
1594 2412 1786 2458 praesertim
1820 2425 1879 2458 po-

271 2470 370 2510 stice‚
399 2470 538 2511 coloris,
580 2478 611 2504 et
638 2471 668 2504 in
712 2484 857 2518 corpore
877 2469 929 2504 hic
970 2476 1002 2504 et
1033 2470 1096 2504 illic
1138 2472 1281 2516 majores
1311 2477 1341 2505 et
1370 2470 1514 2504 minores
1544 2470 1705 2504 vesiculas
1733 2470 1881 2510 oleosas,

270 2527 340 2562 sine
370 2527 471 2562 dubio
497 2529 646 2563 residuas
672 2542 690 2563 e
719 2529 846 2569 vitello,
876 2529 1062 2563 observavi.

415 2612 438 2641 1)
476 2611 560 2636 Etiam
580 2612 604 2637 hi
624 2613 707 2646 pedes
728 2617 789 2637 sunt
808 2621 835 2637 re
864 2621 925 2638 vera
953 2613 1036 2647 pedes
1057 2612 1255 2642 abdominales,
1283 2618 1307 2637 et
1328 2613 1410 2647 magis
1431 2616 1491 2637 sunt
1512 2611 1621 2640 evoluti,
1642 2611 1701 2644 quia
1720 2611 1877 2637 functionem

267 2653 361 2686 pinnae
379 2654 496 2679 caudatis
516 2662 699 2688 susceperunt.
