2379 3188
1652 235 1734 276 259

326 346 396 381 Per
420 343 518 392 alpes
543 348 577 377 et
604 354 752 390 campos
783 341 891 377 totius
919 341 1078 388 regionis
1113 340 1374 389 vulgatissima,
1402 340 1436 376 in
1467 341 1713 377 Grocnlandia
1740 340 1789 376 al-

177 404 360 440 titudinem
390 404 462 437 200
491 400 622 449 pedum
653 412 761 449 supra
790 412 888 435 mare
917 400 1093 449 attingens
1121 400 1167 447 (J.
1196 398 1340 448 vahl).

311 473 419 508 ”Huic
446 472 563 507 licheni
590 473 733 506 innititur
760 472 957 506 oeconomia
984 478 1016 505 et
1045 471 1133 505 salus
1162 473 1261 505 totius
1292 470 1508 519 Lapponiae''
1537 470 1701 517 (Linum),
1728 482 1790 504 nec

176 533 251 567 ideo
291 535 405 566 mirum
441 538 506 572 est,
545 534 660 565 iterum
694 533 879 578 iterumque
907 532 937 564 in
967 529 1015 564 his
1048 532 1142 565 terris
1170 532 1368 578 (praecipue
1394 532 1425 564 in
1453 529 1658 574 Finmarkia)
1686 530 1789 563 collo-

177 593 250 638 quia
279 591 321 626 de
348 591 412 625 hoc
450 591 522 625 solo
563 591 698 625 versari.
750 589 874 624 Paucis
901 590 987 624 enim
1013 589 1094 623 locis
1122 591 1267 637 integras
1295 591 1450 637 regiones
1477 602 1564 623 nunc
1592 589 1687 635 tegit,
1716 589 1788 634 qnia

177 650 352 698 rhangil'eri
380 649 581 697 Lapponum
608 648 693 683 adeo
722 655 797 683 sunt
825 650 1059 690 numerosi‚ut
1088 650 1200 689 citius,
1225 662 1322 696 quam
1353 649 1404 682 hic
1433 647 1538 682 lic-hen
1566 648 1704 688 crescit,
1732 660 1789 680 co-

175 708 331 743 medatur.
366 707 444 743 Hoc
473 721 551 742 vero
579 720 680 755 quum
708 714 808 742 totam
838 722 899 756 per
921 708 1061 742 hiemem
1080 714 1321 749 sustententur,
1340 721 1481 742 necesse
1498 707 1565 741 sere
1588 712 1639 741 est
1653 705 1791 753 Lappo·

173 781 231 802 nes
261 767 434 801 Suecanos
461 765 748 814 Norvegicosqne
777 768 894 802 limites
918 766 1063 802 Rossiae
1092 767 1199 802 hieme
1226 767 1429 814 transgredi,
1459 773 1493 800 ut
1529 772 1620 800 vasta
1648 764 1788 812 Lappo-

173 828 244 861 niae
272 825 439 861 Rossicae
468 826 616 868 deserta,
645 826 709 861 hoc
737 827 865 862 lichene
897 827 1028 861 abunde
1054 827 1193 867 referta,
1218 827 1338 874 palmia
1372 826 1566 873 rhangiseris
1595 825 1789 859 domesticis

172 886 364 933 praebeant.
418 884 604 932 Imperator
628 891 736 920 autem
765 885 954 921 Rossorum
983 892 1057 920 ante
1088 887 1214 933 aliquot
1238 899 1342 921 annos
1366 886 1476 920 subito
1501 885 1667 925 decrevit,
1693 884 1787 918 nullis

170 944 390 992 Lapponibus
419 944 667 979 Scandinavicis
695 945 761 980 hoc
788 946 909 980 licitum
939 945 1025 986 fore3
1054 958 1120 993 quo
1144 946 1279 991 cognito
1299 945 1425 986 edicto,
1441 943 1517 979 Rex
1533 942 1677 978 Sueciae
1694 941 1787 977 Nor-

171 1005 356 1051 vegiaeque
396 1005 514 1045 vetuit,
542 1017 583 1038 ne
612 1002 757 1039 Rossiae
791 1005 920 1039 incolae
948 1018 966 1039 e
993 1005 1130 1040 sinubus
1160 1005 1374 1052 maribusque
1400 1003 1612 1051 Norvegiae,
1638 1003 1788 1051 piscibus

170 1073 277 1109 paene
303 1062 454 1110 repletis,
482 1075 625 1097 messem
653 1063 789 1098 ulterius
816 1063 991 1099 haurirent.
1045 1062 1180 1101 Quibus
1206 1064 1308 1098 rebus
1335 1063 1455 1097 sactum
1482 1070 1548 1103 est,
1574 1069 1608 1096 111
1632 1075 1788 1097 numerus

171 1120 372 1169 Lapponum
400 1120 718 1156 Scandinavicorum
747 1122 840 1170 alpes
868 1123 1116 1158 inhabitantium
1145 1122 1241 1157 valde
1270 1124 1310 1157 sit
1338 1122 1542 1162 deminutus,
1578 1122 1652 1169 quia
1682 1123 1788 1156 coacti

170 1186 246 1215 sunt
274 1180 429 1215 tarandos
454 1181 599 1216 vendere
626 1187 660 1216 et
687 1181 728 1215 ad
756 1181 848 1216 litora
878 1183 975 1216 maris
1002 1183 1161 1229 migrare,
1185 1187 1220 1216 ut
1247 1195 1288 1216 ex
1313 1180 1379 1216 hoc
1407 1182 1593 1216 alimentum
1611 1181 1788 1227 conquire—

170 1246 258 1281 rent,
290 1261 328 1266 -—
358 1253 421 1274 nec
449 1246 556 1274 tamen
586 1240 763 1276 nomadico
793 1241 880 1275 cultu
907 1242 1022 1276 relicto
1052 1241 1271 1275 urbanitatem
1300 1240 1465 1289 quandam
1491 1239 1786 1288 accepernnt‚sed

170 1299 272 1333 multo
310 1300 415 1346 magis
455 1299 626 1347 depravati
655 1306 739 1334 sunt.
795 1298 862 1337 Qui
890 1307 998 1335 autem
1027 1299 1211 1348 Lappones
1240 1306 1415 1347 parentum
1442 1300 1540 1334 vitam
1566 1298 1710 1346 degendi
1735 1311 1788 1333 13-

169 1359 294 1393 tionem
329 1365 518 1399 servarunt,
558 1371 676 1406 quum,
705 1365 738 1393 ut
771 1372 874 1406 saepe
912 1359 962 1400 fit,
999 1358 1228 1406 imprudentes
1259 1358 1424 1393 interdum
1461 1359 1579 1393 limites
1619 1357 1787 1392 Rossicos

173 1418 348 1457 intrarunt,
373 1417 495 1452 tarandi
518 1431 633 1452 eorum
662 1424 737 1452 sunt
762 1419 881 1459 occisi,
909 1419 998 1452 rixae
1026 1424 1162 1453 exortae
1188 1431 1217 1453 e.
1243 1432 1268 1453 s.
1295 1431 1328 1465 p.
1363 1416 1418 1452 Ex
1439 1417 1539 1451 altera
1556 1423 1649 1464 parte
1666 1415 1787 1457 Rossi‚

169 1477 300 1523 copiam
342 1477 482 1524 piscium
523 1477 746 1511 abundantem
788 1476 1033 1518 desiderantes,
1074 1478 1115 1511 nil
1142 1478 1425 1524 concupiscuntur
1452 1476 1596 1517 avidius,
1628 1489 1725 1523 quam
1753 1481 1787 1509 ut

169 1535 291 1569 domini
335 1534 548 1570 Finmarkiae
588 1535 730 1571 evadant
768 1539 814 1581 (ut
856 1537 952 1571 etiam
983 1542 1099 1583 portus
1128 1536 1261 1571 navales
1289 1537 1478 1577 obtineant,
1503 1537 1558 1583 qui
1584 1535 1694 1570 hieme
1722 1548 1786 1569 11011

170 1595 419 1642 congelantur),
447 1595 593 1642 ideoque
620 1597 691 1641 jure
720 1601 832 1643 potest
863 1595 943 1636 dici,
971 1595 1058 1630 hunc
1085 1595 1248 1631 lichenem
1278 1609 1354 1630 esse
1384 1596 1572 1643 politicum,
1603 1595 1658 1642 qui
1675 1594 1784 1629 forsan

168 1654 289 1688 bellum
318 1656 425 1701 possit
451 1656 534 1689 inter
563 1654 814 1688 Scandinaviam
839 1661 872 1689 et
901 1653 1060 1689 Rossiam
1086 1656 1266 1691 incendere
1294 1656 1347 1690 vel
1374 1655 1488 1690 saltem
1506 1667 1657 1689 caussam
1682 1666 1785 1701 quan-

170 1712 243 1747 dam
285 1713 449 1759 ejusmodi
488 1714 662 1761 praebere.
716 1712 784 1748 Vix
812 1713 892 1749 alius
918 1715 995 1748 tanti
1024 1716 1179 1750 momenti
1209 1713 1316 1750 lichen
1347 1714 1441 1749 adest
1467 1715 1497 1748 in
1525 1719 1596 1748 1010
1626 1719 1785 1747 terrarum

170 1773 267 1807 orbe!
308 1794 353 1798 —
387 1771 449 1807 Cui
477 1773 569 1807 lubet
597 1786 808 1820 cognoscere
837 1787 931 1807 usum
960 1772 1056 1820 hujus
1087 1775 1212 1822 speciei
1240 1780 1272 1809 et
1299 1775 1421 1808 victum
1448 1773 1648 1821 Lapponum
1675 1786 1715 1807 ex
1743 1784 1784 1806 eo

168 1831 387 1880 pendentem,
416 1832 468 1867 ille
498 1832 585 1879 legat
612 1832 871 1880 descriptionem
899 1831 1121 1867 Linnaeanam
1148 1835 1178 1867 in
1204 1832 1257 1868 Fl.
1286 1832 1394 1880 Lapp.
1424 1846 1457 1880 p.
1485 1832 1557 1867 332
1584 1838 1617 1867 et
1640 1844 1735 1879 sequ.

315 1903 372 1938 24.
405 1903 456 1939 Cl.
485 1904 631 1938 uncialis
659 1903 750 1951 (L.):
778 1903 932 1951 podetiis
959 1903 1152 1952 elongatis,
1181 1903 1414 1945 fruticulosis,
1448 1901 1784 1953 turgido-cylindri-

168 1960 232 2002 cis,
259 1960 467 1997 dichotome
494 1962 660 2003 ramosis,
690 1961 888 2011 laevigatis,
914 1962 1132 2005 stramineis,
1159 1962 1322 2011 apicibus
1350 1962 1530 1998 sterilibus
1560 1961 1706 2002 erectis,
1729 1959 1781 1995 fu-

167 2019 252 2060 scis,
280 2019 455 2056 fertilibus
480 2021 870 2063 substellato-radiatis;
898 2020 1096 2070 apotheciis
1122 2034 1143 2057 e
1169 2034 1302 2058 carneo
1327 2021 1446 2057 fuscis.

315 2087 407 2138 Syn.
453 2089 581 2124 Lichen
622 2090 718 2124 caule
757 2104 904 2130 ramoso,
942 2091 1008 2124 alis
1039 2091 1256 2138 pmforatis,
1286 2096 1394 2125 ramis
1424 2088 1646 2129 brevissimis,
1670 2095 1782 2124 acutis

217 2145 330 2182 Linn.
362 2147 471 2195 Lapp.
500 2163 529 2183 n.
564 2148 647 2183 438.

321 2214 503 2263 Cenomyce
527 2217 674 2251 uncialis
701 2216 799 2252 Aah.
826 2215 925 2251 Univ.
941 2230 972 2264 p.
988 2215 1071 2258 558,
1088 2215 1171 2265 Syn.
1190 2231 1222 2265 p.
1241 2216 1325 2253 276.
1343 2238 1387 2243 -—
1406 2216 1612 2262 Baeomyees
1628 2215 1708 2251 Wn
1720 2217 1780 2264 hg.

218 2272 324 2323 Lapp.
351 2288 381 2323 p.
410 2275 492 2310 457.
524 2297 569 2302 —-
602 2275 770 2312 Cladmzia
799 2275 865 2311 Fr.
892 2274 934 2311 L.
964 2274 1005 2310 Ε.
1031 2289 1061 2324 p.
1090 2276 1173 2311 244.

319 2342 486 2377 Cladonm
513 2343 650 2378 stellata
678 2342 846 2379 Schaer.
874 2342 994 2379 Enum.
1019 2357 1051 2391 p.
1077 2343 1160 2384 20⁰,
1190 2343 1347 2379 Koerb.
1376 2342 1469 2393 Syst.
1496 2357 1529 2391 p.
1557 2343 1616 2380 37.

310 2408 405 2444 Exs.
435 2409 472 2445 L.
496 2409 553 2445 Su.
582 2424 614 2446 n.
643 2410 726 2447 257.
755 2433 804 2438 —
831 2410 964 2446 Rbnh.
999 2425 1028 2446 n.
1054 2410 1265 2446 261—264.

317 2480 376 2515 Ad
400 2485 531 2517 terram
559 2482 733 2525 sterilem,
763 2495 870 2531 supra
896 2495 1005 2531 rupes
1033 2496 1064 2520 e.
1090 2495 1117 2520 s.
1134 2496 1167 2531 p.
1187 2495 1253 2531 per
1269 2487 1379 2518 totam
1395 2482 1583 2532 regionem
1599 2480 1778 2529 frequens.

314 2558 426 2594 sect.
455 2560 528 2595 ΙΙΙ.
583 2561 744 2597 Podetiis
770 2562 869 2597 initio
897 2561 1244 2610 papillaeformibus,
1275 2561 1358 2598 dein
1387 2560 1531 2597 clavatis
1561 2560 1581 2595 l.
1609 2558 1777 2595 5111113511-

168 2615 451 2664 giato-ramosis,
479 2630 499 2654 e
529 2623 647 2655 crusta
674 2620 904 2668 persistente.
932 2620 1126 2670 granulosa
1151 2621 1247 2657 ortis.
