2379 3188
578 769 813 834 Blagnopere
854 792 945 821 certe
985 786 1158 833 scriptoris
1184 786 1336 824 interest,
1368 785 1543 831 cujuslibet
1581 784 1804 820 adumbraturi
1833 787 1977 833 regionis
2009 788 2191 835 vegetatio*

578 859 652 881 nem
696 847 933 893 propriamque
974 845 1070 890 hujus
1113 845 1256 879 indolem
1299 846 1498 891 exposituri,
1539 844 1621 878 fines
1654 844 1811 891 indagare
1848 852 1946 892 atque
1983 846 2192 887 describere,

579 906 699 953 quibus
729 910 804 951 apte.
843 910 1045 951 naturaeque
1081 910 1304 951 congruenter
1338 902 1440 937 Flora
1475 903 1636 943 limitetur,
1668 905 1821 952 quoniam
1856 905 1996 952 politici,
2029 917 2114 951 quos
2143 905 2191 938 di-

579 970 671 1005 cunt,
696 963 777 997 fines
806 976 878 997 raro
907 962 1135 997 tantummodo
1169 970 1243 997 sunt
1270 962 1445 997 naturales.
1502 961 1630 997 Verum
1661 969 1785 1003 tamen,
1818 963 1857 997 ad
1890 963 1974 998 hanc
2008 975 2076 997 rem
2102 963 2193 1010 quod

577 1025 707 1064 attinet,
748 1021 970 1056 confitendum
1011 1021 1102 1062 mihi,
1140 1023 1304 1056 incassum
1336 1043 1383 1048 --
1415 1023 1582 1056 enuntiare
1624 1023 1717 1068 piget
1746 1042 1790 1047 —
1819 1035 1954 1069 operam
1993 1030 2192 1070 tempusque

578 1095 630 1117 me
665 1081 869 1129 perdidisse,
893 1087 927 1114 ut
953 1080 1200 1115 meridionalem
1229 1081 1409 1115 invenirem
1437 1088 1640 1128 naturaeque
1669 1082 1919 1116 convenientem
1950 1084 2091 1116 arcticae
2119 1081 2193 1116 Eu·

577 1154 682 1188 ropae
720 1141 869 1179 limitenr,
898 1160 943 1166 —
970 1139 1069 1173 nihilo
1108 1146 1214 1174 tamen
1252 1141 1361 1174 secius
1395 1153 1507 1187 spero,
1536 1139 1606 1174 fore
1636 1146 1670 1174 ut
1696 1140 1737 1174 ab
1766 1153 1971 1188 unoquoque
2005 1154 2113 1188 aequo
2136 1141 2192 1187 ju-

578 1199 669 1239 dice,
709 1199 915 1233 difficultates
957 1199 1189 1234 considerante
1230 1200 1406 1246 animoque
1447 1199 1694 1246 perpendente,
1730 1200 1851 1246 quibus
1887 1207 2054 1247 prematur
2080 1199 2194 1246 hujus-

577 1258 666 1292 modi
706 1264 859 1299 conatus,
902 1259 932 1292 in
974 1259 1051 1292 vitio
1085 1258 1172 1292 haud
1209 1258 1387 1293 admodum
1425 1259 1517 1305 gravi
1551 1258 1634 1293 haec
1664 1271 1717 1293 res
1745 1264 1896 1306 ponatur.
1928 1279 1973 1285 ——
2006 1258 2079 1293 Erit
2107 1260 2191 1293 sorte

577 1318 813 1358 rectissimum,
848 1330 904 1352 eas
936 1324 1058 1352 tantum
1090 1316 1214 1352 Florae
1239 1319 1380 1352 arcticae
1409 1318 1525 1365 plagas
1551 1316 1759 1358 adscribere,
1786 1318 1841 1351 ubi
1877 1324 2015 1365 propter
2043 1319 2192 1352 locorum

578 1377 789 1424 asperitatem
830 1377 968 1411 arbores
1013 1378 1146 1411 omnino
1183 1375 1430 1415 desiderantur,
1473 1383 1504 1409 at
1543 1377 1637 1410 nimis
1678 1376 1742 1411 hoc
1773 1375 1873 1410 modo
1903 1378 2022 1411 arctica
2052 1376 2191 1424 Europa

578 1436 809 1471 coarctabitur.
863 1434 988 1482 Neque
1015 1441 1188 1482 praeterea
1217 1442 1267 1470 est
1291 1435 1565 1475 obliviscendum,
1594 1436 1719 1470 etiamsi
1748 1440 1814 1479 (ex.
1838 1448 1886 1482 gr.
1914 1437 1945 1470 in
1974 1435 2191 1470 Seandinavia

578 1495 718 1529 maxime
755 1495 896 1541 boreali)
931 1496 1128 1541 proveniant
1163 1496 1362 1541 vigeantque
1394 1495 1424 1528 in
1459 1494 1597 1528 vallibus
1632 1494 1787 1534 arbores,
1816 1495 1933 1540 exigua
1962 1494 2063 1529 modo
2092 1508 2192 1542 supra

578 1567 667 1588 mare
697 1552 864 1587 altitudine
893 1566 949 1587 eas
980 1566 1183 1588 evanescere
1216 1560 1395 1601 vastosque
1435 1566 1533 1601 supra
1569 1566 1708 1600 campos
1743 1553 1871 1600 alpinos
1897 1554 2045 1594 extendi,
2081 1555 2191 1588 arctici

576 1625 716 1659 prorsus
756 1613 876 1659 ingenii
912 1614 1155 1659 vegetationem
1197 1612 1401 1647 exhibentes.
1429 1633 1479 1638 —-
1507 1611 1694 1651 Circulum,
1736 1624 1834 1659 quem
1874 1612 1986 1647 dicunt
2024 1613 2191 1660 polarem‚

576 1684 638 1718 pro
681 1670 885 1705 meridionali
928 1684 1032 1705 zonae
1071 1673 1212 1706 arcticae
1254 1678 1339 1706 meta
1366 1671 1490 1705 habere
1527 1672 1605 1705 satis
1634 1670 1768 1718 quidem
1790 1677 1842 1705 est
1868 1672 2099 1712 commodum,
2129 1671 2191 1707 sed

576 1731 671 1764 nimis
707 1743 786 1764 sane
828 1731 985 1764 rationem
1020 1731 1105 1765 illam
1144 1730 1326 1766 Alexandri
1365 1729 1493 1764 redolet
1524 1729 1648 1764 nodum
1685 1728 1851 1765 Gordium
1884 1730 2053 1766 recidendi
2083 1744 2192 1779 neque

577 1788 797 1829 dissolvendi3
822 1802 895 1823 nam
924 1789 1179 1837 haudquaquam
1208 1796 1342 1824 naturae
1370 1788 1455 1823 hanc
1482 1789 1567 1822 viam
1601 1801 1676 1824 esse
1703 1796 1977 1831 consentaneam,
2005 1803 2045 1824 ex
2075 1803 2115 1825 eo
2143 1789 2191 1824 di-

577 1848 685 1882 lucide
713 1854 821 1896 patet‚
856 1847 946 1895 quod
975 1862 1003 1881 v.
1033 1862 1058 1883 c.
1087 1856 1198 1897 partes
1237 1848 1399 1896 quaedam
1428 1847 1572 1883 Sueciae
1605 1854 1671 1882 tum
1699 1847 1775 1882 huic
1803 1860 1909 1883 zonae
1933 1858 2007 1883 sunt
2034 1849 2191 1883 adnume-

577 1907 714 1948 randae,
760 1920 898 1955 quarum
939 1909 1080 1942 arcticae
1120 1908 1219 1956 longe
1257 1907 1370 1955 dispar
1397 1913 1448 1942 est
1475 1909 1651 1954 vegetatio,
1680 1907 1761 1942 aliae
1791 1921 1871 1942 vero
1903 1914 2008 1943 terrae
2038 1907 2191 1954 (Groen-

576 1967 682 2001 landia
718 1980 767 2001 ex.
798 1980 845 2014 gr.
880 1967 1030 2002 australis
1073 1973 1171 2015 atque
1209 1966 1366 2014 Islandia)
1395 1966 1638 2007 excludendae,
1665 1967 1740 2001 licet
1767 1969 1908 2001 arcticae
1945 1966 2050 2002 florae
2080 1968 2191 2015 privas

577 2027 709 2074 species
733 2025 819 2060 haud
849 2033 1004 2061 recusent
1030 2026 1189 2073 prolerre.

729 2083 825 2122 Quae
858 2098 958 2133 quum
986 2087 1026 2119 ita
1055 2087 1134 2126 sint,
1170 2099 1302 2120 omnem
1344 2085 1420 2119 mihi
1459 2098 1600 2120 necesse
1643 2086 1700 2120 suit
1733 2086 1878 2132 abjicere
1905 2099 2000 2133 spem
2028 2086 2191 2121 naturales

575 2143 762 2189 inveniendi
787 2146 976 2191 regionum,
1005 2157 1142 2192 quarum
1169 2144 1211 2179 de
1253 2144 1435 2180 lichenibus
1471 2147 1534 2192 jam
1571 2158 1642 2180 sum
1666 2146 1883 2184 disserturus,
1910 2145 2068 2179 australes
2094 2144 2192 2185 fines,

576 2208 704 2249 partes,
732 2215 814 2250 quas
840 2204 986 2238 continet
1014 2203 1078 2238 hoc
1105 2204 1320 2245 territorium,
1348 2210 1423 2239 sunt
1447 2202 1655 2238 Nordlandia
1684 2211 1716 2239 et
1742 2204 1930 2239 Finmarkia
1959 2204 2190 2250 (occidentalis

577 2266 609 2295 et
643 2261 824 2307 orientalis)
853 2260 1065 2310 Norvegiae‚
1092 2261 1268 2310 Lapponia
1297 2261 1459 2304 Suet-ica,
1485 2262 1633 2298 Fennica
1661 2262 1875 2310 (Kemensis)
1908 2269 2008 2310 atque
2027 2261 2190 2303 Rossica‚

576 2324 661 2353 terra
696 2318 970 2365 Samojedorum,
998 2321 1102 2356 insula
1134 2320 1317 2362 Ursorum,
1345 2322 1471 2356 insulae
1498 2320 1791 2369 Spitsbergenses,
1819 2320 1975 2362 Islandia,
2001 2320 2190 2356 Groenlan-

577 2377 640 2412 dia.
696 2376 804 2416 Quam
842 2379 1064 2414 limitationem
1105 2393 1147 2415 ex
1190 2381 1324 2415 arbitrio
1362 2380 1507 2415 nonnihil
1542 2380 1691 2428 pendere
1718 2380 1870 2414 lubenter
1896 2392 2055 2426 agnosco,
2082 2379 2189 2414 nullus

577 2436 746 2477 dubitans,
774 2437 943 2472 meliorem
970 2438 1138 2486 quondam
1172 2439 1339 2473 inventum
1366 2439 1421 2480 iri,
1445 2437 1523 2474 licet
1549 2438 1624 2473 mihi
1651 2438 1729 2473 illud
1753 2451 1817 2473 non
1844 2439 2027 2486 contigerit.
2049 2460 2100 2465 —
2126 2436 2189 2473 Ul-

577 2497 673 2531 timus
712 2495 875 2531 lichenum
908 2498 1169 2544 septentrionem
1206 2511 1323 2532 versus
1366 2498 1524 2532 terminus
1557 2497 1701 2544 jamdum
1730 2502 1780 2532 est
1806 2498 2011 2543 incognitus,
2039 2509 2102 2532 nec
2127 2498 2188 2531 nisi

577 2567 662 2602 quae
689 2556 827 2602 perenni
857 2555 931 2590 nive
966 2556 1142 2604 glacieque
1178 2556 1333 2591 obtectae
1358 2561 1433 2591 sunt
1456 2562 1563 2591 terrae
1591 2556 1791 2603 patientibus
1817 2555 1867 2590 his
1894 2556 2013 2604 plantis
2039 2557 2188 2597 omnino,

576 2614 725 2654 arbitror,
761 2616 823 2649 sint
857 2614 1048 2656 destitutae,
1082 2627 1155 2649 nam
1184 2627 1224 2649 ne
1252 2627 1356 2662 rupes
1385 2614 1535 2662 quidem,
1561 2628 1645 2663 quae
1677 2615 1874 2650 brevissimo
1903 2615 2009 2650 solum
2036 2620 2188 2662 tempore
